1450 2537
238 147 312 184 114
615 157 761 183 Avussmi
792 156 990 183 PRVDENTH
1012 156 1015 157 ⁷

445 269 596 307 Talibus
625 269 764 307 excitus
793 268 832 306 in
860 268 978 306 furias

395 324 560 368 Praetor,
592 323 670 359 ait:
702 343 753 348 —
784 336 805 356 «
836 323 937 368 Rape
966 321 1203 369 praecipitem

390 376 525 421 Lictor,
558 377 593 412 et
622 376 730 412 obrue
760 375 975 421 suppliciis:

393 429 535 465 Sentiat
563 440 642 465 esse
671 428 756 465 deos
784 428 939 474 patrios,

393 482 470 518 Nec
497 481 575 517 leve
604 480 780 527 principis
809 480 1012 527 imperium.
1078 483 1080 485 ’
1285 481 1360 520 100

445 535 561 579 Quam
590 545 755 580 cuperem
783 535 922 578 tamen,
955 535 1040 570 ante
1068 545 1207 580 necem,

392 587 428 624 Si
456 586 552 633 potis
580 598 632 630 es,
666 585 724 634 (1)
753 597 921 623 revocare
948 588 1065 632 tuam,

393 640 512 676 Torva
538 639 715 686 puellula,
747 638 972 686 nequitiam:

393 692 545 739 Respice
574 692 711 739 gaudia
739 694 881 739 quanta
908 694 1039 737 metas,
1228 700 1231 702 ·

394 746 493 790 Quae
519 745 588 782 tibi
615 744 687 781 fert
714 745 872 791 genialis
899 745 1028 782 honor.
1063 745 1121 793 (2)
1283 746 1358 784 105

446 799 494 835 Te
522 798 683 835 lacrimis
711 798 893 835 labefacta
921 798 1053 836 domus

393 851 643 898 Prosequitur,
675 851 890 898 generisque
917 851 976 888 tui

392 904 556 951 Ingemit
583 904 694 941 anxia
721 904 911 949 nobilitas,

391 957 495 994 Flore
523 957 619 1004 quod
647 957 782 994 occidis
810 957 849 993 in
877 959 1016 1003 tenero,

391 1010 562 1047 Proxima
590 1009 735 1047 dotibus
763 1010 799 1047 et
825 1010 1002 1048 thalamo.
1282 1011 1359 1049 110

443 1063 531 1101 Non
558 1064 679 1100 movet
706 1074 816 1100 aurea
843 1074 975 1111 pompa
1002 1063 1100 1101 tori?

390 1117 478 1154 Non
504 1115 623 1163 pietas
650 1117 859 1153 veneranda
889 1128 1032 1164 senum,

391 1170 503 1215 Quos,
533 1169 741 1215 temeraria,
773 1169 970 1207 debilitas?

389 1223 482 1260 Ecce
511 1224 640 1269 parata
668 1222 872 1259 ministeria

389 1275 654 1313 Excruciabilis
682 1275 797 1312 exitii.
1282 1275 1357 1314 110

443 1329 520 1365 Aut
547 1328 671 1375 gladio
700 1327 826 1365 feriere
855 1329 980 1375 caput,

390 1383 468 1418 Aut
495 1381 681 1418 laniabere
710 1381 871 1418 membra
898 1381 1008 1418 feris:

392 1435 466 1471 Aut
494 1434 636 1471 facibus
665 1434 752 1471 data
779 1433 968 1480 fumificis,
1001 1434 1060 1483 (3)

389 1487 646 1534 Flebiliterque
673 1487 854 1524 ululanda
881 1487 956 1524 tuis

388 1541 435 1578 In
463 1540 604 1577 cineres
630 1540 791 1577 resoluta
819 1540 923 1577 flues.
1280 1540 1356 1578 120

442 1593 561 1638 Haec,
593 1604 695 1640 rogo,
727 1593 810 1640 quis
837 1593 941 1630 labor
969 1595 1025 1631 est
1052 1593 1207 1642 fugere?

388 1646 425 1684 Si
455 1646 636 1684 modicum
665 1646 755 1684 salis
783 1646 956 1684 eminulis
976 1647 1033 1695 (4)

292 1769 336 1807 (1)
359 1771 389 1798 si
405 1771 495 1807 potis
515 1779 558 1799 es.
592 1770 642 1799 Ita
676 1770 823 1805 quattuor
854 1769 1025 1806 pervetusti
1050 1770 1138 1800 codd.
1168 1769 1302 1806 Vaticc.,
1325 1771 1359 1800 et

227 1811 388 1840 Heius-iani
411 1812 614 1848 probatiores.
638 1827 677 1832 —
699 1811 735 1840 Si
751 1811 840 1848 potis
861 1813 918 1846 est,
942 1811 1110 1842 Wm'rzws.

290 1859 334 1895 (2)
353 1859 495 1896 aemulis
510 1858 622 1887 honor.
650 1858 796 1895 Nuptiae,
824 1858 935 1894 quibus
951 1857 1141 1888 foecunditas
1168 1858 1275 1888 honori
1297 1859 1355 1888 est.

290 1906 334 1943 (3)
356 1907 499 1942 szcmicz’s,
531 1905 668 1941 fumosis,
702 1906 820 1935 fumum
853 1906 1081 1935 emittentibus.
1105 1906 1142 1936 V.
1166 1905 1256 1936 Ovm.
1279 1907 1356 1936 Met.

226 1947 293 1981 VII,
318 1948 388 1976 114.

288 1994 331 2031 (4)
358 1994 517 2022 modicum
538 1994 630 2024 salis.
655 1994 707 2023 Vel
741 1993 822 2031 apud
853 1993 1008 2024 Hebraeos
1035 1993 1083 2023 sal
1111 1994 1144 2023 in
1175 1995 1283 2029 sacris,
1305 1995 1355 2024 ob-

225 2035 332 2064 eundis
354 2037 401 2064 est
423 2035 608 2065 adhibitum.
626 2035 688 2065 Cfr.
705 2036 807 2065 Levit.
823 2035 866 2071 Π,
882 2036 933 2064 ubi
950 2036 1018 2064 vide
1034 2036 1227 2072 interpretes.
1244 2053 1282 2057 ——
1298 2037 1356 2065 No-

226 2077 339 2106 tandae
361 2078 433 2106 sunt
454 2077 604 2106 dictiones
626 2078 782 2107 eminulis
803 2077 934 2116 diqitis;
955 2077 1092 2116 benigna
1108 2078 1198 2116 vir-90
1213 2080 1355 2116 tanyere,
