1502 2610
323 157 659 185 COMMENTARIOLVM
691 159 725 186 V.
758 159 1007 186 LANFRANcnu
1120 161 1232 186 ,ΧΧΧΗΙ

43 282 48 294 ²
110 285 294 329 ficiorum
323 284 590 339 immemores,
611 296 714 338 quae
743 283 785 326 in
815 284 971 326 litteras
990 284 1234 326 liberaliores

110 355 327 399 Christiani
377 357 558 397 auctores
589 354 831 405 detulerant,
853 355 960 396 omni
982 355 1233 396 humanitate

110 428 186 470 hac
216 427 258 468 in
281 440 323 468 re
344 439 502 481 prorsus
523 427 703 480 expertes
734 439 755 467 e
776 425 949 480 publicis
980 426 1124 468 scholis
1156 440 1234 467 una

35 487 58 501 ”
110 511 204 541 cum
225 497 392 552 reliquis
420 496 557 538 eximii
585 496 734 550 ingenii
763 498 805 538 et
836 496 1038 538 doctrinae
1068 497 1234 551 scripto-

42 571 56 578 “
110 567 222 610 ribus
257 566 524 609 Prudentium
556 567 873 608 exterminarunt
906 567 982 621 (1).

168 637 305 691 Quum
314 639 405 680 ante
412 637 482 679 hos
492 637 756 691 quadraginta
768 650 886 680 annos
896 639 1006 679 extra
1014 638 1233 680 rethoricae

46 730 47 734 =
109 708 305 752 cancellos
334 707 481 762 egressi
513 708 554 748 in
585 708 711 762 lycaei
743 708 987 750 auditorium
1011 708 1152 762 pedem
1175 709 1234 749 in-

109 779 297 831 tulimus,
327 779 493 821 memini
523 779 635 821 nobis
664 779 878 821 tirunculis
908 779 1059 820 librum
1080 780 1235 821 Antho-

109 851 265 906 logicon
284 850 455 905 iniungi,
477 850 516 892 in
537 863 615 905 quo
634 850 780 904 probus
812 851 1006 904 magister
1036 851 1232 905 quaedam

110 935 132 965 e
162 921 291 971 Livio,
322 920 468 964 Catone
498 921 664 971 Maiore,
697 921 857 963 Tibullo
912 922 1072 972 selecta,
1113 935 1234 976 quae-

109 993 204 1036 dam
244 994 447 1047 praeterea
486 1005 506 1034 e
538 992 762 1042 Lactantio,
793 992 1033 1046 Augustino,
1066 992 1235 1034 Boethio

110 1065 232 1119 atque
270 1063 490 1107 Prudentio
519 1062 751 1116 deprompta
784 1062 920 1105 italice
956 1063 1233 1117 interpretata,

110 1134 326 1178 memoriae
345 1133 638 1188 pronuncianda
663 1135 907 1187 proponeret.
934 1134 1116 1188 Hymnos
1136 1134 1234 1176 duos

109 1219 157 1249 ex
187 1205 398 1248 Prudentii
430 1203 746 1259 Καθημερινῶν,
768 1204 866 1246 duos
897 1205 1046 1259 pariter
1065 1218 1111 1247 ex
1137 1203 1233 1259 Περὶ

113 1275 326 1333 Στεφανῶν
371 1275 487 1326 libro,
519 1275 668 1317 italicis
713 1275 841 1318 modis
862 1278 980 1318 antea
1010 1276 1112 1318 mihi
1143 1289 1234 1318 con-

182 1369 234 1413 (1)
258 1369 346 1404 Inter
372 1368 475 1413 paullo
494 1368 640 1403 cultioris
665 1368 881 1403 humanitatis
899 1370 996 1411 viros,
1014 1370 1067 1414 qui
1086 1372 1232 1404 nost-runi

110 1417 198 1451 limis
223 1415 324 1452 oculis
348 1415 562 1460 adspexerant
587 1415 841 1450 adnumerantur
866 1416 965 1451 Lilius
992 1416 1166 1461 Gregorius
1185 1418 1235 1452 Gi-

112 1463 233 1499 raldius
257 1461 474 1505 ferrariensis,
492 1463 633 1498 Renatus
660 1463 813 1508 Rapinius
838 1465 871 1498 et
889 1463 1062 1509 Dupinius;
1082 1464 1232 1509 Iosephus

111 1514 220 1546 autem
246 1510 411 1546 luvencius
435 1510 469 1544 in
495 1509 616 1555 opella,
643 1511 693 1545 cni
720 1510 856 1544 titulus:
883 1511 1133 1546 Institutiones
1151 1513 1234 1546 Poe-

112 1559 216 1602 ticae,
240 1567 432 1603 quamquam
459 1561 608 1592 nostrum
633 1558 672 1592 ab
690 1557 823 1601 ingenio
840 1559 934 1602 atque
952 1558 1133 1594 eruditione
1151 1570 1234 1594 com-

112 1604 256 1650 mendat,
285 1615 358 1640 eum
384 1607 491 1639 tamen
518 1604 742 1639 inclementius
772 1605 924 1640 barbaro
947 1616 1050 1649 saepe
1076 1607 1233 1641 carmine

113 1663 207 1687 usum
233 1662 300 1686 esse
337 1654 488 1687 testatur.
528 1652 575 1694 (L.
603 1651 651 1693 V.,
676 1663 702 1686 c.
740 1653 783 1696 1).
818 1653 840 1687 E
867 1653 1030 1688 contrario
1067 1653 1232 1698 aequiores

111 1699 337 1735 aestimatores
375 1701 408 1734 et
439 1699 561 1734 iudices
593 1699 727 1745 hispano
761 1702 871 1744 potitae
904 1710 936 1734 se
966 1700 1182 1745 praebuerunt
1216 1712 1231 1736 e

112 1746 315 1781 nostratibus
352 1747 465 1781 Petrus
503 1745 645 1780 Crinitus
681 1746 754 1790 (Dc
779 1747 875 1781 Poet.
913 1746 1052 1789 Latin„
1090 1759 1116 1783 c.
1144 1748 1230 1791 XC);

112 1793 275 1828 Hubertus
301 1793 476 1834 ciofanius‚
501 1792 618 1828 nobilis
644 1794 718 1839 post
742 1793 934 1828 Lambinum
960 1794 1098 1830 Lucretii
1125 1796 1232 1840 expla-

112 1842 209 1875 nator
224 1840 362 1884 (Indie.
381 1841 490 1875 Luc-r.
509 1851 539 1885 p.
565 1841 666 1886 499);
693 1840 785 1875 Card.
812 1841 944 1876 Ioannes
961 1842 1066 1883 Bona3
1085 1841 1231 1877 Nicolaus

112 1887 271 1922 Antonius
296 1888 483 1931 (Biblioth.
509 1887 617 1932 Hisp.
647 1888 680 1922 L.
706 1887 777 1931 XI);
802 1890 846 1930 et,
871 1898 910 1923 ne
934 1888 1068 1934 longum
1098 1890 1230 1935 faciam,

113 1935 248 1970 loannes
272 1934 326 1970 ille
350 1936 468 1970 Anton.
494 1933 638 1979 Vulpius,
663 1934 805 1980 patavini
840 1935 918 1971 olim
943 1937 1093 1982 gynnasii
1120 1936 1232 1972 doctor

49 2007 52 2010 »
113 1981 264 2026 illustris,
301 1982 352 2017 cui
388 1982 583 2027 Prudentius
621 1981 752 2017 omnino
777 1983 846 2018 est:
876 1987 983 2028 poeta
1006 1994 1070 2019 suo
1093 1985 1232 2019 saeculo

112 2029 249 2074 maior,
275 2029 501 2073 cultissimus,
528 2039 570 2063 ac
594 2033 747 2064 veterum
772 2029 1026 2075 eleqantiorum
1050 2031 1232 2068 studiosis-

116 2076 239 2113 simae.
263 2075 473 2121 (Comment.
499 2077 540 2111 in
570 2076 722 2120 catull.)
748 2096 792 2103 —
