1502 2537
346 159 454 195 ΙΙΙῦΙἸ
483 161 740 196 ΣῚῈΦΛΝΩΝ
775 170 925 197 unnws
953 170 975 197 v
1183 159 1261 198 147

448 282 588 320 Funale
616 283 755 320 textum
783 282 956 329 conserit,

395 335 482 372 Suto
511 336 607 383 quod
636 335 763 383 implet
790 347 951 383 corpore,
1183 336 1258 373 470

396 388 577 426 Emensus
606 390 642 426 et
669 389 824 426 multum
852 388 951 435 freti,

397 441 502 479 Inter
530 441 709 489 procellas
737 442 887 496 excutit.

449 512 479 550 Ο
509 514 726 560 praepotens
754 513 870 550 virtus
898 512 988 550 Dei!

397 565 525 603 Virtus
553 566 707 603 creatrIx
735 566 920 603 omnium!

393 619 492 664 Quae
519 619 706 666 turgidum
736 619 918 666 quondam
947 630 1045 656 mare
1180 619 1256 656 475

394 671 592 709 Gradiente
621 672 765 710 Christo
794 674 988 714 straverat,

446 743 496 779 Ut
523 743 628 790 terga
659 742 718 790 (1)
749 742 897 780 calcans
926 742 1094 790 aequoris

392 795 505 833 Siccis
533 797 670 833 mearet
697 795 883 842 passibus,

395 848 550 886 Plantas
578 859 644 886 nec
671 848 782 886 undis
808 848 994 895 tingueret

394 901 502 939 Vasti
528 901 647 939 viator
674 901 848 949 gurgitis.
1178 902 1254 939 480

445 971 547 1009 Haec
575 972 657 1019 ipsa
684 971 802 1008 virtus
831 971 989 1009 iusserat

392 1025 556 1063 Rubrum
584 1024 712 1062 salum!
732 1024 930 1070 dehiscere,

392 1079 547 1115 Patente
576 1078 661 1115 dum
688 1077 802 1115 fundo
830 1077 973 1115 aridum

391 1132 524 1169 Secura
550 1131 653 1178 plebs
681 1130 749 1168 iter
775 1130 879 1179 legit.
904 1131 961 1179 (2)

444 1201 522 1239 Nec
550 1212 623 1238 non
652 1203 688 1239 et
714 1201 796 1248 ipsa
823 1212 922 1239 nunc
950 1201 1052 1239 iubet
1177 1202 1251 1240 485

391 1254 530 1292 Servire
559 1255 686 1292 sancto
714 1254 855 1302 corpori

390 1308 565 1354 Pontum,
596 1307 729 1355 quietis
756 1307 924 1355 lapsibus

390 1361 450 1399 Ad
477 1372 590 1399 curva
615 1371 769 1408 pronum
797 1360 918 1398 litora.

443 1432 577 1469 Saxum
604 1430 753 1469 molaris
781 1430 966 1478 ponderis,

390 1485 441 1522 Ut
468 1496 598 1531 spuma
625 1484 802 1530 candem,
833 1483 1002 1529 innatat3
1173 1484 1250 1521 490

390 1537 571 1584 Tantiquo
599 1538 723 1575 custos
750 1536 915 1584 pignoris

390 1590 546 1628 Fiscella
573 1589 688 1627 fertur
715 1589 899 1627 fluctibus.

443 1661 606 1698 Gernunt
631 1660 819 1706 stupentes
846 1659 992 1697 navitae

389 1714 541 1751 Vectam
568 1723 733 1750 remenso
760 1723 935 1750 marmore
965 1713 1040 1761 (3),
1239 1750 1242 1754 ,

390 1766 481 1805 Labi
508 1767 702 1803 retrorsum
731 1765 876 1811 leniter,
1171 1767 1246 1806 495

388 1820 504 1857 Aestu
532 1818 690 1857 secundo
718 1819 754 1855 et
780 1817 941 1856 flamine.

187 1945 232 1983 (1)
246 1947 336 1982 ter-,qa
351 1943 509 1981 aequoris.
535 1957 573 1963 —
596 1941 632 1970 V.
656 1941 760 1979 hymn.
786 1941 843 1977 viI,
867 1942 918 1972 47.

187 1997 232 2036 (2)
253 1999 316 2027 iter
336 1997 422 2034 leqie.
447 1995 555 2024 Hsms.
579 1996 611 2024 et
632 1995 773 2029 Tuum:
799 1996 915 2025 —tres
932 1995 1050 2025 Vatice.
1065 1997 1172 2034 ρετ-ἵε,-
1193 1996 1247 2027 alii

125 2040 211 2070 terit.

188 2092 220 2130 (3
249 2094 376 2132 *vectam
399 2099 538 2120 remenso
561 2098 732 2119 marmore.
757 2089 793 2120 V.
819 2089 907 2122 Viuo.
931 2091 1011 2120 Aen.
1035 2090 1076 2126 11,
1102 2090 1171 2122 181.
