1502 2537
421 139 705 167 carunmmmon
733 139 884 167 nrunvs
912 139 963 166 111
1215 130 1261 166 71

298 253 426 291 Effusa
453 264 569 301 nuper
595 263 744 301 corpora
773 251 848 301 (1),

299 305 525 354 Animasque
554 305 708 344 rimatur
734 316 863 344 novas.

351 370 485 408 Locum
514 370 665 408 minutis
693 370 844 408 artubus

299 423 371 461 Vix
398 423 632 470 interemptor
659 422 812 467 invenit,

297 477 375 522 Quo
402 476 513 524 plaga
541 476 735 514 descendat
762 479 905 523 patens,
1189 476 1263 512 117»

301 529 503 577 Iuguloque
533 530 648 567 maior
674 529 785 577 pugio
814 531 883 567 est.

353 593 384 633 Ο
413 594 607 632 barbarum
635 593 902 641 spectaculum!

298 646 420 685 Inlisa
445 647 566 685 cervix
593 647 760 685 cautibus

299 700 449 748 Spargit
474 699 659 738 cerebrum
686 699 856 745 lacteum,

299 752 501 800 Oculosque
528 764 592 800 per
618 753 752 791 vulnus
780 753 914 797 vomit;
1190 753 1263 789 12⁴}

353 818 430 855 Aut
455 817 494 854 in
521 816 740 864 profundum
769 817 955 865 palpitans

298 870 480 908 Mersatur
505 869 630 908 infans
658 871 840 918 gurgitem
856 900 864 916 ,

301 924 368 962 Cui
394 923 518 961 subter
545 923 656 961 arctis
682 923 864 969 faucibus,

298 976 486 1024 Singultat
511 976 611 1014 unda
639 978 675 1014 et
702 976 852 1014 halitus.

351 1041 506 1087 Salvete,
536 1041 641 1079 flores
669 1042 888 1089 Martyrum,
1190 1040 1248 1076 12²

298 1095 395 1141 Quos
421 1094 514 1132 lucis
542 1094 620 1142 ipso
648 1094 688 1132 in
714 1094 840 1132 limine

297 1147 434 1186 Christi
461 1147 644 1185 insecutor
671 1147 836 1194 sustulit,

298 1201 372 1239 Ceu
398 1201 504 1238 turbo
531 1202 723 1238 nascentes
749 1202 875 1239 rosas!

351 1265 440 1311 Vos,
470 1265 590 1313 prima
617 1265 754 1304 Christi
779 1265 943 1312 victima,

298 1319 394 1357 Grex
420 1318 687 1357 immolatorum
713 1320 830 1365 tener,
1190 1318 1264 1354 1530

297 1373 413 1410 Aram
441 1373 526 1410 ante
544 1371 672 1419 ipsam
699 1371 882 1420 simplices
913 1371 970 1420 (2)

298 1425 429 1463 Palma
455 1426 492 1463 et
519 1425 660 1463 coronis
686 1425 829 1463 luditis.

352 1489 429 1536 Quo
455 1489 600 1537 proficit
624 1490 770 1528 tantum
797 1489 901 1527 nefas
931 1489 1017 1537 (3)?

298 1542 393 1588 Quid
421 1542 557 1580 crimen
584 1542 764 1581 Herodem
792 1542 922 1580 iuvat?

299 1595 406 1634 Unus
430 1596 487 1633 tot
513 1595 609 1634 inter
634 1595 764 1634 funera
1190 1595 1264 1632 135

298 1648 454 1697 Impune
482 1648 650 1688 Christus
675 1648 830 1687 tollitur.

205 1771 250 1811 (1)
271 1773 373 1810 effusa
395 1781 501 1811 nuper
530 1780 685 1811 corpora:
706 1780 802 1810 nuper
822 1772 855 1802 in
879 1771 978 1802 lucem
1007 1771 1103 1802 edita.
1127 1771 1205 1801 Mire
1227 1771 1264 1800 ad

138 1819 365 1850 miserationem
387 1819 461 1849 haec
480 1820 554 1849 sunt
573 1820 753 1858 composita.

204 1873 249 1912 (2)
271 1874 376 1903 Aram
401 1875 475 1902 ante
488 1873 607 1911 ipsam.
631 1871 841 1918 Συναὶωιφή.
858 1872 1019 1907 Nonnulli,
1035 1880 1089 1902 nec
1110 1871 1264 1910 displicet,

139 1929 236 1950 aram
250 1920 310 1951 sub
334 1922 452 1959 ipsam.
474 1920 569 1950 Totus
590 1920 672 1950 loeus
694 1920 900 1951 Catullianam
923 1920 1116 1949 venustatem
1137 1918 1264 1949 redolet.

205 1973 249 2012 (3)
272 1983 334 2012 quo
349 1974 492 2012 proficit.
515 1972 634 2003 Vaticc.
651 1973 721 2008 duo,
745 1975 777 2003 et
798 1973 909 2002 Hssms.
932 1972 994 2002 Alii
1020 1972 1078 2001 duo
1103 1971 1264 2002 Vaticani:

139 2020 219 2059 quid
234 2020 377 2058 proficit.
400 2036 439 2042 —
455 2020 611 2056 Eiusne,
635 2022 667 2050 et
683 2029 743 2050 una
765 2019 921 2050 Wurrzlvs
934 2027 1042 2058 parum
1064 2018 1196 2060 felieiter
1209 2019 1267 2058 qui

141 2067 278 2105 vrofioit.
336 2074 342 2076 ’
