1450 2537
174 143 222 177 230
554 150 702 176 AVRELII
733 148 927 175 PRVDENTII

225 263 298 302 Ula
325 264 443 308 nocte,
475 273 575 300 sacer
603 272 675 309 qua
702 260 810 298 rediit
838 260 936 297 Deus

227 317 376 363 Stugnis
404 317 450 353 ad
479 326 626 362 superos
653 326 695 352 ex
725 312 999 351 Acheronticis:

280 370 363 406 Non
393 369 488 406 sicut
514 368 683 405 tenebras
712 368 754 403 do
783 366 859 403 face
889 365 1031 413 fulgida

225 423 384 469 Surgons
411 432 544 459 oceano
571 419 714 458 Lucifer
742 419 886 463 imbuit,
1221 417 1298 457 130

224 475 290 511 Sed
318 474 424 511 torris
452 473 598 511 Domini
627 473 668 509 de
699 473 809 509 Cruco
836 471 1004 509 tristibus

224 528 341 564 Maior
369 527 442 564 sole
469 538 601 563 novum
630 525 826 562 restituens
855 525 962 561 diem.

277 581 441 617 Marcont
469 578 657 626 suppliciis
685 579 838 615 Tartara
866 577 1038 623 mitibus;

223 633 462 679 Exsultatque
491 632 548 669 sui
575 630 729 669 carceris
757 631 829 668 otio
1225 656 1228 657 γ

224 686 440 722 Umbrarum
468 685 622 732 populus
650 684 740 721 liber
769 685 816 722 ab
841 683 992 731 ignibus
1023 683 1098 733 (1),
1222 683 1297 722 135

223 740 301 776 Nec
329 739 469 775 fervent
497 737 601 775 solito
629 737 782 774 fiumina
810 737 996 784 sulphure.

276 792 353 828 Nos
382 791 483 828 festis
510 789 690 827 trahimus
717 802 780 837 per
806 790 868 837 pia
895 789 1032 837 gaudia

223 845 376 881 Noctem
404 843 595 889 conciliis,
626 844 780 890 votaque
808 854 980 890 prospera

224 897 396 934 Certatim
424 895 530 944 vigili
558 896 787 943 congerimus
815 908 940 942 prece;

223 951 486 996 Exstructoque
514 949 658 996 agimus
686 949 762 986 liba
789 949 948 986 sacrario
977 949 1050 996 (2).
1215 948 1297 988 ’140

277 1003 442 1039 Pondent
468 1002 663 1039 mobilibus
690 1001 831 1039 lumina
858 1001 1025 1048 funibus,

222 1057 321 1101 Quae
349 1055 477 1093 suffixa
504 1055 643 1092 micant
669 1066 732 1101 per
759 1055 960 1102 laquearia,

223 1110 270 1146 Et
299 1109 340 1145 de
368 1107 596 1155 languidulis
623 1107 700 1145 fota
728 1108 917 1145 natatibus

223 1162 354 1199 Luceni
381 1161 569 1208 perpiscuo
597 1161 744 1198 flamma
771 1161 859 1198 iacit
884 1161 993 1199 vitro.

276 1215 408 1251 Credas
436 1214 658 1261 stelligeram
686 1214 838 1261 desuper
864 1225 985 1251 aream
1220 1214 1295 1251 145

223 1268 401 1305 Ornatam
428 1266 586 1314 geminis
614 1268 710 1304 stare
737 1266 946 1313 Trionibus,
1232 1275 1236 1279 ’

222 1322 269 1357 Et
297 1332 370 1367 qua
397 1320 645 1367 Bosphoreum
676 1319 734 1370 (3)
764 1321 859 1358 temo
886 1321 982 1368 regit
1009 1320 1136 1369 iugum

222 1374 367 1410 Passim
394 1384 593 1420 purpureos
621 1372 786 1421 spargier
813 1373 1009 1420 Hesperos.

275 1428 304 1464 O
333 1438 389 1464 res
418 1426 545 1473 digna,
576 1426 687 1463 Pater
716 1426 789 1474 (4),
820 1438 929 1474 quam
956 1426 1025 1465 tibi
1052 1427 1215 1465 roscidae

221 1479 349 1517 Noctis
378 1478 556 1527 principio
583 1491 671 1526 grex
698 1480 786 1517 tuus
815 1480 956 1526 oflerat,
1220 1480 1294 1517 150

221 1533 367 1579 Lucem,
400 1544 473 1580 qua
499 1531 633 1570 tribuis
661 1532 715 1569 nil
742 1533 964 1579 praetiosius
995 1532 1070 1582 (5):

221 1587 368 1632 Lucem,
399 1597 472 1633 qua
498 1584 639 1633 reliqua
667 1585 829 1632 praemia
856 1586 1062 1624 cernimus!

271 1640 325 1676 Tu
351 1639 414 1676 lux
441 1649 527 1675 vera
553 1637 681 1684 oculis,
711 1638 774 1676 lux
802 1650 942 1686 quoque
970 1639 1152 1687 sensibus,

222 1692 329 1729 Intus
357 1693 398 1729 tu
426 1691 626 1738 speculum,
656 1693 697 1729 tu
726 1692 913 1739 speculum
943 1692 1056 1739 foris,

231 1826 275 1865 (1)
304 1827 510 1856 Umbrarum.
534 1826 569 1856 In
590 1826 741 1855 nonnullis
763 1826 850 1856 codd.
874 1835 946 1855 mss.
969 1827 1170 1864 functorum.

232 1869 276 1906 (2)
299 1870 428 1905 aqimus
451 1868 529 1897 liba.
552 1868 646 1898 Sacra
667 1868 703 1897 de
725 1867 818 1897 altari
840 1869 981 1897 extructo
1003 1867 1145 1898 libamus.

232 1910 275 1947 (3)
300 1910 528 1947 Bosphoreum.
553 1909 586 1938 In
609 1909 684 1939 edit.
709 1909 821 1939 Bodon.
844 1910 1042 1948 Bos-porcum
1057 1910 1122 1940 sine
1144 1909 1292 1947 adspirat.

169 1960 305 1986 graocor.
329 1959 421 1980 more.
447 1967 483 1971 —
509 1951 614 1980 GISEL.
633 1951 880 1988 phosphorenm.

232 1993 275 2030 (4)
300 1994 410 2026 Pater,
434 1992 544 2021 Hzms.
569 2000 606 2021 ex
628 1992 694 2022 cod.
721 1992 876 2022 Puteano:
901 1991 1044 2021 Vaticani
1067 1993 1220 2029 quatuor,
1242 1993 1292 2023 G1-

169 2042 292 2062 ssmnvs
314 2035 346 2062 et
368 2033 535 2068 Wffl'rzws,
558 2034 657 2062 Deus.

231 2076 275 2113 (5)
299 2075 427 2104 Lucem.
448 2075 565 2104 Lucem
589 2073 779 2119 ἑλληνικῶς
801 2082 855 2112 pro
877 2082 911 2105 eo
934 2074 1011 2112 quod
1034 2074 1083 2104 est
1096 2073 1170 2105 lux.
