1450 2537
200 134 250 173 60

581 142 731 171 AVRELII
759 141 957 169 PRVDENTII

413 257 505 303 Nec,
536 256 567 294 si
595 267 692 304 vaga
719 254 884 300 flamina,
915 255 952 291 et
979 265 1087 290 aurae

362 310 524 347 Vacuum
553 321 616 356 per
644 309 754 346 inane
782 308 962 352 volantes,

359 362 525 400 Tulerint
552 373 634 400 cum
662 361 808 409 pulvere
836 371 986 405 nervos,

361 415 554 452 Hominem
583 414 733 462 periisse
760 413 897 450 licebit.

413 468 481 505 Sed
509 468 595 505 dum
623 466 814 505 resolubile
843 477 973 512 corpus

360 522 536 566 Revocas‚
567 521 679 565 Deus,
711 521 819 567 atque
847 518 1034 563 reformas,

358 574 523 618 Quanam
552 573 699 620 regione
728 572 868 609 iubebis

360 627 533 664 Animam
562 625 780 673 requiescere
808 626 964 672 puram?

413 679 556 717 Gremio
585 678 683 716 senis
711 678 836 715 abdita
866 678 922 725 (1)
953 677 1071 715 sancti

362 732 576 777 Recubabst,
607 733 649 768 ut
676 731 741 768 illa
769 730 896 768 Lazari
927 731 999 777 (2),

360 786 471 830 Quem
501 785 649 822 floribus
677 784 837 831 undique
865 786 1007 830 septum

361 838 470 875 Dives
498 837 621 885 procul
650 836 807 884 adspicit
833 836 978 873 ardens.

413 891 601 938 Sequimur
627 891 692 927 tua
721 890 832 936 dicta,
863 889 1094 936 Redemptor,

361 944 514 989 Quibus,
545 945 625 980 atra
653 954 671 979 e
699 945 812 980 morte
840 942 1089 990 triumphans,

359 998 438 1033 Tua
467 1008 529 1044 per
557 995 713 1043 vestigia
742 995 896 1032 mandas

361 1050 501 1087 Socium
530 1048 646 1087 crucis
674 1048 724 1086 ire
752 1048 930 1085 latronem
961 1049 1034 1096 (3).

414 1103 535 1147 Patet,
567 1113 660 1147 ecce,
693 1101 861 1139 fidelibus
889 1101 1002 1149 ampli

360 1155 432 1193 Via
459 1155 581 1193 lucida
608 1155 682 1191 iam
710 1154 882 1202 paradisu

360 1208 461 1246 Licet
487 1209 523 1245 et
549 1219 678 1245 nemus
705 1207 797 1244 illud
824 1207 938 1253 adire,

361 1261 513 1298 Homini
541 1261 635 1309 quod
664 1261 847 1298 ademerat
875 1259 1023 1307 anguis.

413 1314 510 1359 Illic,
541 1325 679 1361 precor,
711 1313 843 1360 optime
872 1313 1011 1358 ductor,

361 1367 551 1404 Famulam
578 1366 647 1404 tibi
673 1366 837 1413 praecipe
866 1368 1022 1404 mentem

361 1420 521 1458 Genitali
548 1419 587 1456 in
615 1420 698 1457 sede
726 1419 876 1465 sacrari,

361 1474 476 1519 Quam
503 1472 661 1520 liquerat
687 1472 769 1509 exul
797 1474 832 1509 et
859 1483 998 1510 errans.

414 1527 492 1564 Nos
519 1526 617 1563 tecta
644 1524 846 1563 fovebimus
874 1536 958 1562 ossa

362 1579 479 1617 Violis
507 1580 543 1615 et
570 1578 696 1616 fronde
724 1577 905 1625 frequenti
935 1578 1017 1626 (4);

361 1631 592 1679 Titulumque
620 1633 657 1668 et
682 1631 819 1678 frigida
847 1643 936 1668 saxa

362 1684 516 1733 Liquido
545 1696 759 1732 spargemus
788 1684 907 1721 odore.

1250 253 1324 291 145,

1252 517 1327 555 150

1253 1047 1328 1084 160

1253 1311 1327 1348 165

1254 1571 1328 1613 170

267 1809 311 1847 (1)
333 1809 455 1842 abdita,
480 1816 546 1837 cum
568 1807 732 1840 &summ
757 1807 788 1836 in
810 1807 887 1837 edit.
910 1808 1015 1836 nostra
1030 1806 1185 1836 Parmensi
1201 1805 1328 1836 addita.

268 1850 311 1887 (2)
336 1853 372 1878 ut
394 1850 453 1878 illa
477 1850 612 1878 Lazari.
636 1849 671 1878 In
695 1850 841 1884 quattuor
873 1848 960 1878 codd.
984 1848 1127 1878 Vaticmz
1152 1850 1189 1876 ut
1209 1850 1256 1877 est
1286 1847 1330 1876 Ε-

205 1892 315 1921 leazar
322 1901 335 1927 ;
346 1891 400 1920 ubi
410 1894 455 1920 est
466 1891 607 1919 Eleazar
617 1890 764 1919 describit
775 1890 948 1920 Gmnmvvs.
961 1890 1022 1918 Nos
1034 1889 1241 1919 Bodouiauam
1252 1888 1328 1918 edit.

203 1933 338 1968 sequuti,
362 1935 465 1961 tamen
488 1932 760 1961 animadvertimus
783 1931 981 1960 Eleazarum
1010 1933 1042 1960 et
1069 1931 1239 1960 Lazarum
1266 1938 1328 1959 om—

204 1974 275 2003 nino
298 1974 477 2017 ε’)νώνυμα
499 1981 573 2002 esse.

268 2021 312 2059 (3)
335 2021 456 2050 socium
478 2021 596 2050 crucis.
622 2020 658 2049 V.
682 2020 714 2050 S.
737 2020 810 2049 Luc.
834 2019 931 2055 xqu,
953 2018 1006 2049 43.

269 2062 313 2101 (4)
343 2062 443 2092 Violis
465 2062 526 2092 etc.
549 2061 671 2091 Floreas
693 2069 816 2091 coronas
831 2069 849 2090 a
870 2060 1023 2090 defunctis
1048 2059 1121 2089 olim
1142 2059 1329 2090 christianos
