1450 2537
122 120 169 156 74
502 131 652 158 Avnuffl
679 131 876 157 PRVDENTU

331 244 441 281 Hunc
469 243 604 291 posteri
633 243 791 290 Ephrem
820 243 945 281 colunt
974 245 1048 293 (1),
1091 245 1094 251 '

279 296 389 334 Hunc
418 298 547 334 sancta
576 296 771 333 Manassae
801 296 952 342 domus3
1172 298 1248 336 190

279 350 485 397 Omnesque
513 349 719 396 suspiciunt
746 348 863 386 tribus

277 402 342 439 Bis
371 413 460 439 sena
487 401 641 439 fratrum
670 401 823 439 semina.

332 455 428 500 Quin
456 457 492 492 et
519 465 679 502 propago
709 455 864 502 degener

278 508 404 545 Ritum
433 510 556 545 secuta
584 507 826 553 inconditum,

277 561 528 609 Quaecumque
559 561 677 598 dirum
705 560 854 599 fervidis
1175 562 1248 600 195

277 614 369 651 Baal
397 614 553 652 caminis
582 615 726 652 coxerat
756 614 838 662 (2),

332 668 488 705 Fumosa
517 678 667 704 avorum
696 667 865 714 numina,

277 721 424 765 Saxum,
457 720 660 767 metallum,
692 720 868 768 stipitem,

277 774 429 819 Rasum,
462 773 638 819 dolatum,
671 773 808 820 sectile,

277 827 324 864 In
354 826 490 864 Christi
518 827 689 864 honorem
720 827 865 864 deserit.
1173 830 1249 867 200

330 879 506 925 Gaudete,
538 879 715 927 quidquid
743 880 908 928 gentium
938 882 1007 928 est,

277 932 429 978 Iudaea,
462 933 590 979 Roma,
622 934 658 970 et
687 933 852 979 Graecia,

276 987 458 1033 Aegypte,
489 986 624 1031 Thrax,
658 986 784 1032 Persa,
816 987 966 1035 Scytha,

277 1039 353 1077 Rex
381 1050 477 1076 unus
507 1049 630 1076 omnes
659 1039 833 1086 possidet.

331 1092 494 1128 Laudate
525 1093 684 1129 vestrum
714 1092 936 1141 Principem,
1173 1097 1247 1133 205

278 1144 413 1182 Omnes
442 1145 554 1190 beati,
586 1156 628 1182 ac
656 1145 802 1192 perditi,

276 1197 376 1244 Vivi,
407 1197 594 1244 imbecilli,
626 1209 669 1235 ac
698 1199 854 1245 mortui;

276 1250 359 1288 Iam
387 1261 491 1288 nemo
520 1251 674 1298 posthac
702 1253 881 1291 mortuus.

180 1372 223 1409 (1)
248 1372 400 1410 Ephrem.
425 1373 546 1403 Vaticc.
569 1373 705 1411 plerique
737 1381 852 1404 omnes.
877 1392 917 1398 —-
939 1377 1102 1408 Grssmnvs
1134 1377 1249 1414 aliique

117 1414 291 1451 Ephraim.
316 1415 372 1444 Est
394 1416 496 1444 autem
518 1415 662 1452 Ephrem,
686 1416 808 1452 synecd.
833 1426 886 1454 pro
916 1420 1054 1449 universo
1078 1420 1185 1457 populo
1201 1421 1248 1449 Iu-

117 1456 345 1532 daecggiuissaal.
363 1497 478 1526 Nomen
494 1497 554 1532 dei,
569 1506 657 1533 quem
679 1497 812 1535 Assyrii,
838 1501 1064 1540 Phoenices,0t
1085 1501 1250 1539 aliquando

115 1536 219 1568 Iudaei
242 1538 412 1568 coluerunt.
436 1539 472 1569 V.
497 1544 646 1576 nostrum,
670 1538 800 1573 Ἀποθ.
825 1544 898 1574 393.

474 1838 768 1877 CATHEMERINON
799 1847 896 1875 runs
