<?xml version="1.0" encoding="UTF-8"?>
<!DOCTYPE html PUBLIC "-//W3C//DTD XHTML 1.0 Transitional//EN"
    "http://www.w3.org/TR/xhtml1/DTD/xhtml1-transitional.dtd">
<html xmlns="http://www.w3.org/1999/xhtml" xml:lang="en" lang="en">
 <head>
  <title>
</title>
<meta http-equiv="Content-Type" content="text/html;charset=utf-8" />
  <meta name='ocr-system' content='tesseract 3.04.00' />
  <meta name='ocr-capabilities' content='ocr_page ocr_carea ocr_par ocr_line ocrx_word'/>
</head>
<body>
  <div class='ocr_page' id='page_1' title='image "./operapru01pruduoft_0211.png"; bbox 0 0 1502 2537; ppageno 0'>
   <div class='ocr_carea' id='block_1_1' title="bbox 0 0 1100 152">
    <p class='ocr_par' dir='ltr' id='par_1_1' title="bbox 0 0 1100 152">
     <span class='ocr_line' id='line_1_1' title="bbox 0 0 1100 152; baseline 0 2385"><span class='ocrx_word' id='word_1_1' title='bbox 0 0 1100 152; x_wconf 95' lang='lat' dir='ltr'><strong> </strong></span> 
     </span>
    </p>
   </div>
   <div class='ocr_carea' id='block_1_2' title="bbox 18 162 1223 213">
    <p class='ocr_par' dir='ltr' id='par_1_2' title="bbox 18 162 1223 213">
     <span class='ocr_line' id='line_1_2' title="bbox 18 162 1223 213; baseline -0.002 -11"><span class='ocrx_word' id='word_1_2' title='bbox 18 166 68 213; x_wconf 31' lang='lat' dir='ltr'><strong>‘&#39;v-:1</strong></span> <span class='ocrx_word' id='word_1_3' title='bbox 87 162 100 184; x_wconf 47' lang='grc' dir='ltr'><strong><em>Ἰ</em></strong></span> <span class='ocrx_word' id='word_1_4' title='bbox 336 167 448 203; x_wconf 75' lang='grc' dir='ltr'><strong>ΠΕΡΙ</strong></span> <span class='ocrx_word' id='word_1_5' title='bbox 476 166 733 202; x_wconf 75' lang='grc' dir='ltr'>ΣΤΕΦΑΝΩΝ</span> <span class='ocrx_word' id='word_1_6' title='bbox 763 173 918 202; x_wconf 72' lang='lat' dir='ltr'><strong>nrxnvs</strong></span> <span class='ocrx_word' id='word_1_7' title='bbox 948 173 988 201; x_wconf 78' lang='lat'><strong>11</strong></span> <span class='ocrx_word' id='word_1_8' title='bbox 1148 162 1223 201; x_wconf 76' lang='lat'><strong>169</strong></span> 
     </span>
    </p>
   </div>
   <div class='ocr_carea' id='block_1_3' title="bbox 0 286 1225 1659">
    <p class='ocr_par' dir='ltr' id='par_1_3' title="bbox 0 286 1222 336">
     <span class='ocr_line' id='line_1_3' title="bbox 0 286 1222 336; baseline -0.006 -6"><span class='ocrx_word' id='word_1_9' title='bbox 0 299 8 329; x_wconf 75' lang='lat' dir='ltr'>t</span> <span class='ocrx_word' id='word_1_10' title='bbox 98 288 219 330; x_wconf 66' lang='lat' dir='ltr'><strong>Maior</strong></span> <span class='ocrx_word' id='word_1_11' title='bbox 243 289 360 327; x_wconf 81' lang='lat' dir='ltr'><strong>tortor</strong></span> <span class='ocrx_word' id='word_1_12' title='bbox 387 289 479 331; x_wconf 73' lang='lat' dir='ltr'><strong>erut,</strong></span> <span class='ocrx_word' id='word_1_13' title='bbox 502 287 564 336; x_wconf 93' lang='lat' dir='ltr'><strong>qui</strong></span> <span class='ocrx_word' id='word_1_14' title='bbox 592 299 735 326; x_wconf 86' lang='lat' dir='ltr'><strong>summa</strong></span> <span class='ocrx_word' id='word_1_15' title='bbox 761 288 980 335; x_wconf 69' lang='lat' dir='ltr'><strong>pupugerat,</strong></span> <span class='ocrx_word' id='word_1_16' title='bbox 1002 286 1126 324; x_wconf 78' lang='lat' dir='ltr'><strong>infans</strong></span> <span class='ocrx_word' id='word_1_17' title='bbox 1147 286 1222 333; x_wconf 80' lang='lat'>(1),</span> 
     </span>
    </p>

    <p class='ocr_par' dir='ltr' id='par_1_4' title="bbox 151 341 1224 390">
     <span class='ocr_line' id='line_1_4' title="bbox 151 341 1224 390; baseline -0.004 -10"><span class='ocrx_word' id='word_1_18' title='bbox 151 343 267 389; x_wconf 84' lang='lat' dir='ltr'><strong>Quam</strong></span> <span class='ocrx_word' id='word_1_19' title='bbox 297 342 359 390; x_wconf 88' lang='lat' dir='ltr'><strong>qui</strong></span> <span class='ocrx_word' id='word_1_20' title='bbox 387 342 567 389; x_wconf 84' lang='lat' dir='ltr'><strong>profunda</strong></span> <span class='ocrx_word' id='word_1_21' title='bbox 594 341 795 388; x_wconf 72' lang='lat' dir='ltr'><strong>perforarat</strong></span> <span class='ocrx_word' id='word_1_22' title='bbox 823 341 975 378; x_wconf 57' lang='lat' dir='ltr'><strong>viscera.</strong></span> <span class='ocrx_word' id='word_1_23' title='bbox 1174 342 1224 376; x_wconf 76' lang='lat'><strong>60</strong></span> 
     </span>
    </p>

    <p class='ocr_par' dir='ltr' id='par_1_5' title="bbox 99 395 1058 494">
     <span class='ocr_line' id='line_1_5' title="bbox 99 395 1058 443; baseline -0.004 -9"><span class='ocrx_word' id='word_1_24' title='bbox 99 395 170 434; x_wconf 84' lang='lat' dir='ltr'><strong>Ille</strong></span> <span class='ocrx_word' id='word_1_25' title='bbox 195 395 303 442; x_wconf 83' lang='lat' dir='ltr'><strong>levis,</strong></span> <span class='ocrx_word' id='word_1_26' title='bbox 332 395 503 443; x_wconf 88' lang='lat' dir='ltr'><strong>quoniam</strong></span> <span class='ocrx_word' id='word_1_27' title='bbox 531 405 734 442; x_wconf 81' lang='lat' dir='ltr'>percussor,</span> <span class='ocrx_word' id='word_1_28' title='bbox 767 395 880 432; x_wconf 73' lang='lat' dir='ltr'><strong>morte</strong></span> <span class='ocrx_word' id='word_1_29' title='bbox 909 395 1058 441; x_wconf 69' lang='lat' dir='ltr'><strong>negata,</strong></span> 
     </span>
     <span class='ocr_line' id='line_1_6' title="bbox 152 446 903 494; baseline -0.005 -7"><span class='ocrx_word' id='word_1_30' title='bbox 152 447 297 487; x_wconf 75' lang='lat' dir='ltr'><strong>Saevire</strong></span> <span class='ocrx_word' id='word_1_31' title='bbox 324 447 412 486; x_wconf 87' lang='lat' dir='ltr'><strong>solis</strong></span> <span class='ocrx_word' id='word_1_32' title='bbox 440 448 511 485; x_wconf 88' lang='lat' dir='ltr'><strong>scit</strong></span> <span class='ocrx_word' id='word_1_33' title='bbox 538 447 700 485; x_wconf 88' lang='lat' dir='ltr'><strong>dolorum</strong></span> <span class='ocrx_word' id='word_1_34' title='bbox 729 446 903 494; x_wconf 84' lang='lat' dir='ltr'><strong>spiculis:</strong></span> 
     </span>
    </p>

    <p class='ocr_par' dir='ltr' id='par_1_6' title="bbox 99 499 1142 600">
     <span class='ocr_line' id='line_1_7' title="bbox 99 499 1012 549; baseline -0.004 -9"><span class='ocrx_word' id='word_1_35' title='bbox 99 501 174 540; x_wconf 83' lang='lat' dir='ltr'><strong>Hic</strong></span> <span class='ocrx_word' id='word_1_36' title='bbox 200 502 338 549; x_wconf 87' lang='lat' dir='ltr'><strong>quanto</strong></span> <span class='ocrx_word' id='word_1_37' title='bbox 366 500 520 538; x_wconf 87' lang='lat' dir='ltr'><strong>interius</strong></span> <span class='ocrx_word' id='word_1_38' title='bbox 544 500 673 537; x_wconf 84' lang='lat' dir='ltr'><strong>vitalia</strong></span> <span class='ocrx_word' id='word_1_39' title='bbox 700 499 847 538; x_wconf 82' lang='lat' dir='ltr'><strong>condita</strong></span> <span class='ocrx_word' id='word_1_40' title='bbox 875 499 1012 546; x_wconf 73' lang='lat' dir='ltr'><strong>pulsat,</strong></span> 
     </span>
     <span class='ocr_line' id='line_1_8' title="bbox 153 552 1142 600; baseline -0.004 -8"><span class='ocrx_word' id='word_1_41' title='bbox 153 553 244 592; x_wconf 85' lang='lat' dir='ltr'><strong>Plus</strong></span> <span class='ocrx_word' id='word_1_42' title='bbox 271 554 336 592; x_wconf 90' lang='lat' dir='ltr'><strong>dat</strong></span> <span class='ocrx_word' id='word_1_43' title='bbox 362 553 536 599; x_wconf 80' lang='lat' dir='ltr'><strong>medelae,</strong></span> <span class='ocrx_word' id='word_1_44' title='bbox 568 553 653 590; x_wconf 91' lang='lat' dir='ltr'><strong>dum</strong></span> <span class='ocrx_word' id='word_1_45' title='bbox 681 564 803 590; x_wconf 84' lang='lat' dir='ltr'><strong>necem</strong></span> <span class='ocrx_word' id='word_1_46' title='bbox 832 563 941 600; x_wconf 68' lang='lat' dir='ltr'><strong>prope</strong></span> <span class='ocrx_word' id='word_1_47' title='bbox 969 552 1142 599; x_wconf 60' lang='lat' dir='ltr'><strong>adplicat..</strong></span> 
     </span>
    </p>

    <p class='ocr_par' dir='ltr' id='par_1_7' title="bbox 99 605 1223 706">
     <span class='ocr_line' id='line_1_9' title="bbox 99 605 1223 655; baseline -0.004 -10"><span class='ocrx_word' id='word_1_48' title='bbox 99 607 203 653; x_wconf 80' lang='lat' dir='ltr'><strong>Este,</strong></span> <span class='ocrx_word' id='word_1_49' title='bbox 232 617 370 654; x_wconf 80' lang='lat' dir='ltr'><strong>precor,</strong></span> <span class='ocrx_word' id='word_1_50' title='bbox 400 606 512 644; x_wconf 82' lang='lat' dir='ltr'><strong>fortes</strong></span> <span class='ocrx_word' id='word_1_51' title='bbox 531 607 606 655; x_wconf 83' lang='lat'>(2),</span> <span class='ocrx_word' id='word_1_52' title='bbox 628 608 664 643; x_wconf 86' lang='lat' dir='ltr'><strong>et</strong></span> <span class='ocrx_word' id='word_1_53' title='bbox 690 605 824 643; x_wconf 77' lang='lat' dir='ltr'><strong>vincite</strong></span> <span class='ocrx_word' id='word_1_54' title='bbox 852 605 990 642; x_wconf 76' lang='lat' dir='ltr'><strong>viribus</strong></span> <span class='ocrx_word' id='word_1_55' title='bbox 1009 616 1124 642; x_wconf 79' lang='lat' dir='ltr'><strong>annos</strong></span> <span class='ocrx_word' id='word_1_56' title='bbox 1144 620 1150 641; x_wconf 93' lang='lat'>:</span> <span class='ocrx_word' id='word_1_57' title='bbox 1174 606 1223 642; x_wconf 70' lang='lat'><strong>65</strong></span> 
     </span>
     <span class='ocr_line' id='line_1_10' title="bbox 153 657 944 706; baseline -0.004 -9"><span class='ocrx_word' id='word_1_58' title='bbox 153 659 256 705; x_wconf 83' lang='lat' dir='ltr'><strong>Quod</strong></span> <span class='ocrx_word' id='word_1_59' title='bbox 284 659 372 697; x_wconf 86' lang='lat' dir='ltr'><strong>defit</strong></span> <span class='ocrx_word' id='word_1_60' title='bbox 398 671 501 705; x_wconf 77' lang='lat' dir='ltr'><strong>aevo,</strong></span> <span class='ocrx_word' id='word_1_61' title='bbox 532 659 700 706; x_wconf 76' lang='lat' dir='ltr'>suppleat</span> <span class='ocrx_word' id='word_1_62' title='bbox 726 657 944 696; x_wconf 78' lang='lat' dir='ltr'><strong>crudelitas!</strong></span> 
     </span>
    </p>

    <p class='ocr_par' dir='ltr' id='par_1_8' title="bbox 100 711 1075 817">
     <span class='ocr_line' id='line_1_11' title="bbox 100 711 1075 758; baseline -0.003 -7"><span class='ocrx_word' id='word_1_63' title='bbox 100 713 170 750; x_wconf 81' lang='lat' dir='ltr'><strong>Sed</strong></span> <span class='ocrx_word' id='word_1_64' title='bbox 193 711 292 750; x_wconf 85' lang='lat' dir='ltr'><strong>male</strong></span> <span class='ocrx_word' id='word_1_65' title='bbox 319 714 472 750; x_wconf 87' lang='lat' dir='ltr'><strong>conatus</strong></span> <span class='ocrx_word' id='word_1_66' title='bbox 498 714 615 756; x_wconf 75' lang='lat' dir='ltr'><strong>tener,</strong></span> <span class='ocrx_word' id='word_1_67' title='bbox 645 711 884 758; x_wconf 73' lang='lat' dir='ltr'><strong>infirmusque</strong></span> <span class='ocrx_word' id='word_1_68' title='bbox 912 711 1075 748; x_wconf 79' lang='lat' dir='ltr'><strong>laborat:</strong></span> 
     </span>
     <span class='ocr_line' id='line_1_12' title="bbox 153 763 1026 817; baseline -0.001 -14"><span class='ocrx_word' id='word_1_69' title='bbox 153 765 349 803; x_wconf 82' lang='lat' dir='ltr'><strong>Tormenta</strong></span> <span class='ocrx_word' id='word_1_70' title='bbox 374 767 543 817; x_wconf 81' lang='lat' dir='ltr'><strong>crescunt</strong></span> <span class='ocrx_word' id='word_1_71' title='bbox 571 765 655 801; x_wconf 90' lang='lat' dir='ltr'><strong>dum</strong></span> <span class='ocrx_word' id='word_1_72' title='bbox 684 763 824 801; x_wconf 82' lang='lat' dir='ltr'><strong>fatiscit</strong></span> <span class='ocrx_word' id='word_1_73' title='bbox 851 763 1026 802; x_wconf 74' lang='lat' dir='ltr'><strong>carnifex.</strong></span> 
     </span>
    </p>

    <p class='ocr_par' dir='ltr' id='par_1_9' title="bbox 100 816 1225 915">
     <span class='ocr_line' id='line_1_13' title="bbox 100 816 1225 866; baseline -0.002 -12"><span class='ocrx_word' id='word_1_74' title='bbox 100 839 153 846; x_wconf 89' lang='lat'>-</span> <span class='ocrx_word' id='word_1_75' title='bbox 170 832 193 854; x_wconf 83' lang='grc'><strong>«</strong></span> <span class='ocrx_word' id='word_1_76' title='bbox 208 818 303 864; x_wconf 85' lang='lat' dir='ltr'><strong>Quid</strong></span> <span class='ocrx_word' id='word_1_77' title='bbox 317 818 461 866; x_wconf 84' lang='lat' dir='ltr'><strong>gemis?</strong></span> <span class='ocrx_word' id='word_1_78' title='bbox 476 817 656 855; x_wconf 80' lang='lat' dir='ltr'>exclamat</span> <span class='ocrx_word' id='word_1_79' title='bbox 675 817 822 864; x_wconf 86' lang='lat' dir='ltr'><strong>quidam</strong></span> <span class='ocrx_word' id='word_1_80' title='bbox 838 831 846 853; x_wconf 78' lang='grc' dir='ltr'>ε</span> <span class='ocrx_word' id='word_1_81' title='bbox 868 819 945 853; x_wconf 70' lang='lat' dir='ltr'><strong>tuto</strong></span> <span class='ocrx_word' id='word_1_82' title='bbox 963 817 1036 864; x_wconf 84' lang='lat' dir='ltr'><strong>ipse</strong></span> <span class='ocrx_word' id='word_1_83' title='bbox 1051 816 1225 863; x_wconf 58' lang='lat' dir='ltr'><strong>magister</strong></span> 
     </span>
     <span class='ocr_line' id='line_1_14' title="bbox 153 869 1224 915; baseline -0.004 -6"><span class='ocrx_word' id='word_1_84' title='bbox 153 871 263 909; x_wconf 80' lang='lat' dir='ltr'><strong>Istud</strong></span> <span class='ocrx_word' id='word_1_85' title='bbox 289 871 421 908; x_wconf 85' lang='lat' dir='ltr'><strong>dedisti</strong></span> <span class='ocrx_word' id='word_1_86' title='bbox 448 871 598 915; x_wconf 80' lang='lat' dir='ltr'><strong>sermm,</strong></span> <span class='ocrx_word' id='word_1_87' title='bbox 629 872 665 907; x_wconf 92' lang='lat' dir='ltr'><strong>et</strong></span> <span class='ocrx_word' id='word_1_88' title='bbox 692 869 844 906; x_wconf 86' lang='lat' dir='ltr'><strong>armasti</strong></span> <span class='ocrx_word' id='word_1_89' title='bbox 872 881 1016 906; x_wconf 85' lang='lat' dir='ltr'><strong>manus.</strong></span> <span class='ocrx_word' id='word_1_90' title='bbox 1177 869 1224 905; x_wconf 78' lang='lat'><strong>70</strong></span> 
     </span>
    </p>

    <p class='ocr_par' dir='ltr' id='par_1_10' title="bbox 101 922 1115 1022">
     <span class='ocr_line' id='line_1_15' title="bbox 101 922 1104 966; baseline -0.003 -4"><span class='ocrx_word' id='word_1_91' title='bbox 101 923 302 962; x_wconf 80' lang='lat' dir='ltr'><strong>Reddimus</strong></span> <span class='ocrx_word' id='word_1_92' title='bbox 328 935 408 961; x_wconf 84' lang='lat' dir='ltr'><strong>ecce</strong></span> <span class='ocrx_word' id='word_1_93' title='bbox 435 923 503 960; x_wconf 89' lang='lat' dir='ltr'><strong>tibi</strong></span> <span class='ocrx_word' id='word_1_94' title='bbox 530 926 605 960; x_wconf 80' lang='lat' dir='ltr'><strong>tam</strong></span> <span class='ocrx_word' id='word_1_95' title='bbox 634 922 751 959; x_wconf 82' lang='lat' dir='ltr'><strong>millia</strong></span> <span class='ocrx_word' id='word_1_96' title='bbox 778 922 893 959; x_wconf 83' lang='lat' dir='ltr'><strong>multa</strong></span> <span class='ocrx_word' id='word_1_97' title='bbox 921 925 1104 966; x_wconf 84' lang='lat' dir='ltr'><strong>notarum,</strong></span> 
     </span>
     <span class='ocr_line' id='line_1_16' title="bbox 153 975 1115 1022; baseline -0.004 -7"><span class='ocrx_word' id='word_1_98' title='bbox 153 977 270 1022; x_wconf 85' lang='lat' dir='ltr'><strong>Quam</strong></span> <span class='ocrx_word' id='word_1_99' title='bbox 298 977 443 1019; x_wconf 80' lang='lat' dir='ltr'><strong>stando,</strong></span> <span class='ocrx_word' id='word_1_100' title='bbox 474 976 607 1020; x_wconf 84' lang='lat' dir='ltr'><strong>flendo,</strong></span> <span class='ocrx_word' id='word_1_101' title='bbox 638 978 673 1012; x_wconf 88' lang='lat' dir='ltr'><strong>te</strong></span> <span class='ocrx_word' id='word_1_102' title='bbox 702 975 865 1019; x_wconf 82' lang='lat' dir='ltr'><strong>docente,</strong></span> <span class='ocrx_word' id='word_1_103' title='bbox 897 975 1115 1022; x_wconf 60' lang='lat' dir='ltr'><strong>exer-pimus.</strong></span> 
     </span>
    </p>

    <p class='ocr_par' dir='ltr' id='par_1_11' title="bbox 101 1027 1108 1130">
     <span class='ocr_line' id='line_1_17' title="bbox 101 1027 1108 1077; baseline -0.004 -10"><span class='ocrx_word' id='word_1_104' title='bbox 101 1029 185 1067; x_wconf 86' lang='lat' dir='ltr'><strong>Non</strong></span> <span class='ocrx_word' id='word_1_105' title='bbox 214 1032 317 1077; x_wconf 87' lang='lat' dir='ltr'><strong>potes</strong></span> <span class='ocrx_word' id='word_1_106' title='bbox 345 1029 455 1066; x_wconf 85' lang='lat' dir='ltr'><strong>irasci</strong></span> <span class='ocrx_word' id='word_1_107' title='bbox 483 1029 578 1076; x_wconf 91' lang='lat' dir='ltr'><strong>quod</strong></span> <span class='ocrx_word' id='word_1_108' title='bbox 606 1028 821 1066; x_wconf 84' lang='lat' dir='ltr'><strong>scribimus:</strong></span> <span class='ocrx_word' id='word_1_109' title='bbox 854 1027 929 1075; x_wconf 83' lang='lat' dir='ltr'><strong>ipse</strong></span> <span class='ocrx_word' id='word_1_110' title='bbox 959 1029 1108 1065; x_wconf 67' lang='lat' dir='ltr'><strong>iubebas</strong></span> 
     </span>
     <span class='ocr_line' id='line_1_18' title="bbox 153 1079 1098 1130; baseline -0.003 -10"><span class='ocrx_word' id='word_1_111' title='bbox 153 1082 364 1130; x_wconf 88' lang='lat' dir='ltr'><strong>Numquam</strong></span> <span class='ocrx_word' id='word_1_112' title='bbox 391 1081 553 1130; x_wconf 87' lang='lat' dir='ltr'><strong>quietum</strong></span> <span class='ocrx_word' id='word_1_113' title='bbox 582 1081 727 1118; x_wconf 72' lang='lat' dir='ltr'><strong>dextera</strong></span> <span class='ocrx_word' id='word_1_114' title='bbox 754 1082 796 1118; x_wconf 90' lang='lat' dir='ltr'><strong>ut</strong></span> <span class='ocrx_word' id='word_1_115' title='bbox 822 1079 931 1117; x_wconf 76' lang='lat' dir='ltr'><strong>ferret</strong></span> <span class='ocrx_word' id='word_1_116' title='bbox 959 1081 1098 1117; x_wconf 77' lang='lat' dir='ltr'><strong>stilum.</strong></span> 
     </span>
    </p>

    <p class='ocr_par' dir='ltr' id='par_1_12' title="bbox 101 1133 1225 1183">
     <span class='ocr_line' id='line_1_19' title="bbox 101 1133 1225 1183; baseline -0.003 -11"><span class='ocrx_word' id='word_1_117' title='bbox 101 1135 185 1173; x_wconf 86' lang='lat' dir='ltr'><strong>Non</strong></span> <span class='ocrx_word' id='word_1_118' title='bbox 214 1135 371 1183; x_wconf 88' lang='lat' dir='ltr'><strong>petimus</strong></span> <span class='ocrx_word' id='word_1_119' title='bbox 398 1134 521 1180; x_wconf 85' lang='lat' dir='ltr'><strong>toties,</strong></span> <span class='ocrx_word' id='word_1_120' title='bbox 550 1136 586 1172; x_wconf 79' lang='lat' dir='ltr'><strong>te</strong></span> <span class='ocrx_word' id='word_1_121' title='bbox 614 1135 857 1181; x_wconf 75' lang='lat' dir='ltr'><strong>praeceptore,</strong></span> <span class='ocrx_word' id='word_1_122' title='bbox 888 1136 1057 1181; x_wconf 78' lang='lat' dir='ltr'><strong>negatas,</strong></span> <span class='ocrx_word' id='word_1_123' title='bbox 1178 1133 1225 1169; x_wconf 78' lang='lat'><strong>75</strong></span> 
     </span>
    </p>

    <p class='ocr_par' dir='ltr' id='par_1_13' title="bbox 51 1186 927 1233">
     <span class='ocr_line' id='line_1_20' title="bbox 51 1186 927 1233; baseline -0.003 -7"><span class='ocrx_word' id='word_1_124' title='bbox 51 1224 54 1226; x_wconf 86' lang='lat'>.</span> <span class='ocrx_word' id='word_1_125' title='bbox 133 1189 275 1229; x_wconf 79' lang='lat' dir='ltr'><strong>‚Avare</strong></span> <span class='ocrx_word' id='word_1_126' title='bbox 302 1188 438 1233; x_wconf 90' lang='lat' dir='ltr'><strong>doctor,</strong></span> <span class='ocrx_word' id='word_1_127' title='bbox 469 1187 543 1224; x_wconf 85' lang='lat' dir='ltr'><strong>iam</strong></span> <span class='ocrx_word' id='word_1_128' title='bbox 571 1187 776 1225; x_wconf 86' lang='lat' dir='ltr'><strong>scholarum</strong></span> <span class='ocrx_word' id='word_1_129' title='bbox 804 1186 927 1224; x_wconf 83' lang='lat' dir='ltr'><strong>ferias.</strong></span> 
     </span>
    </p>

    <p class='ocr_par' dir='ltr' id='par_1_14' title="bbox 100 1238 1223 1341">
     <span class='ocr_line' id='line_1_21' title="bbox 100 1238 1223 1289; baseline -0.004 -10"><span class='ocrx_word' id='word_1_130' title='bbox 100 1241 266 1289; x_wconf 84' lang='lat' dir='ltr'><strong>Pangere</strong></span> <span class='ocrx_word' id='word_1_131' title='bbox 293 1244 430 1289; x_wconf 79' lang='lat' dir='ltr'><strong>puncta</strong></span> <span class='ocrx_word' id='word_1_132' title='bbox 460 1241 518 1289; x_wconf 88' lang='grc'><strong>(3)</strong></span> <span class='ocrx_word' id='word_1_133' title='bbox 546 1240 659 1284; x_wconf 81' lang='lat' dir='ltr'><strong>libet,</strong></span> <span class='ocrx_word' id='word_1_134' title='bbox 690 1239 872 1286; x_wconf 82' lang='lat' dir='ltr'><strong>sulcisque</strong></span> <span class='ocrx_word' id='word_1_135' title='bbox 900 1240 1059 1277; x_wconf 77' lang='lat' dir='ltr'><strong>intexere</strong></span> <span class='ocrx_word' id='word_1_136' title='bbox 1089 1238 1223 1283; x_wconf 76' lang='lat' dir='ltr'><strong>sulcos,</strong></span> 
     </span>
     <span class='ocr_line' id='line_1_22' title="bbox 154 1292 854 1341; baseline -0.004 -9"><span class='ocrx_word' id='word_1_137' title='bbox 154 1294 284 1332; x_wconf 63' lang='lat' dir='ltr'>1³10an</span> <span class='ocrx_word' id='word_1_138' title='bbox 311 1294 450 1332; x_wconf 83' lang='lat' dir='ltr'><strong>catenis</strong></span> <span class='ocrx_word' id='word_1_139' title='bbox 478 1293 649 1341; x_wconf 83' lang='lat' dir='ltr'><strong>impedire</strong></span> <span class='ocrx_word' id='word_1_140' title='bbox 677 1292 854 1340; x_wconf 81' lang='lat' dir='ltr'><strong>virgulas.</strong></span> 
     </span>
    </p>

    <p class='ocr_par' dir='ltr' id='par_1_15' title="bbox 98 1345 1224 1447">
     <span class='ocr_line' id='line_1_23' title="bbox 98 1345 1064 1394; baseline -0.004 -9"><span class='ocrx_word' id='word_1_141' title='bbox 98 1347 280 1385; x_wconf 82' lang='lat' dir='ltr'><strong>Emeudes</strong></span> <span class='ocrx_word' id='word_1_142' title='bbox 306 1347 392 1385; x_wconf 88' lang='lat' dir='ltr'><strong>licet</strong></span> <span class='ocrx_word' id='word_1_143' title='bbox 419 1347 603 1394; x_wconf 88' lang='lat' dir='ltr'><strong>inspectos</strong></span> <span class='ocrx_word' id='word_1_144' title='bbox 629 1346 740 1393; x_wconf 88' lang='lat' dir='ltr'><strong>longo</strong></span> <span class='ocrx_word' id='word_1_145' title='bbox 768 1345 894 1383; x_wconf 83' lang='lat' dir='ltr'><strong>ordine</strong></span> <span class='ocrx_word' id='word_1_146' title='bbox 923 1356 1064 1391; x_wconf 82' lang='lat' dir='ltr'><strong>versus,</strong></span> 
     </span>
     <span class='ocr_line' id='line_1_24' title="bbox 154 1397 1224 1447; baseline -0.005 -9"><span class='ocrx_word' id='word_1_147' title='bbox 154 1399 331 1438; x_wconf 75' lang='lat' dir='ltr'><strong>Mendosa</strong></span> <span class='ocrx_word' id='word_1_148' title='bbox 357 1399 448 1437; x_wconf 74' lang='lat' dir='ltr'><strong>forte</strong></span> <span class='ocrx_word' id='word_1_149' title='bbox 476 1399 508 1437; x_wconf 86' lang='lat' dir='ltr'><strong>si</strong></span> <span class='ocrx_word' id='word_1_150' title='bbox 537 1399 623 1447; x_wconf 88' lang='lat' dir='ltr'><strong>quid</strong></span> <span class='ocrx_word' id='word_1_151' title='bbox 651 1398 786 1436; x_wconf 85' lang='lat' dir='ltr'><strong>erravit</strong></span> <span class='ocrx_word' id='word_1_152' title='bbox 813 1409 958 1435; x_wconf 84' lang='lat' dir='ltr'><strong>manus.</strong></span> <span class='ocrx_word' id='word_1_153' title='bbox 1176 1397 1224 1433; x_wconf 78' lang='lat'><strong>80</strong></span> 
     </span>
    </p>

    <p class='ocr_par' dir='ltr' id='par_1_16' title="bbox 100 1450 1104 1553">
     <span class='ocr_line' id='line_1_25' title="bbox 100 1450 1104 1500; baseline -0.005 -9"><span class='ocrx_word' id='word_1_154' title='bbox 100 1453 234 1491; x_wconf 83' lang='lat' dir='ltr'><strong>Exerce</strong></span> <span class='ocrx_word' id='word_1_155' title='bbox 261 1453 470 1500; x_wconf 91' lang='lat' dir='ltr'><strong>imperium:</strong></span> <span class='ocrx_word' id='word_1_156' title='bbox 502 1452 558 1489; x_wconf 88' lang='lat' dir='ltr'><strong>ius</strong></span> <span class='ocrx_word' id='word_1_157' title='bbox 586 1453 642 1489; x_wconf 84' lang='lat' dir='ltr'><strong>est</strong></span> <span class='ocrx_word' id='word_1_158' title='bbox 668 1451 735 1488; x_wconf 85' lang='lat' dir='ltr'><strong>tibi</strong></span> <span class='ocrx_word' id='word_1_159' title='bbox 763 1451 916 1498; x_wconf 69' lang='lat' dir='ltr'><strong>plectere</strong></span> <span class='ocrx_word' id='word_1_160' title='bbox 944 1450 1104 1497; x_wconf 80' lang='lat' dir='ltr'><strong>culpam,</strong></span> 
     </span>
     <span class='ocr_line' id='line_1_26' title="bbox 152 1504 1029 1553; baseline -0.006 -10"><span class='ocrx_word' id='word_1_161' title='bbox 152 1505 190 1543; x_wconf 90' lang='lat' dir='ltr'><strong>Si</strong></span> <span class='ocrx_word' id='word_1_162' title='bbox 217 1505 300 1553; x_wconf 79' lang='lat' dir='ltr'><strong>quis</strong></span> <span class='ocrx_word' id='word_1_163' title='bbox 326 1507 470 1543; x_wconf 89' lang='lat' dir='ltr'><strong>tuorum</strong></span> <span class='ocrx_word' id='word_1_164' title='bbox 495 1506 531 1542; x_wconf 81' lang='lat' dir='ltr'><strong>te</strong></span> <span class='ocrx_word' id='word_1_165' title='bbox 559 1504 702 1542; x_wconf 87' lang='lat' dir='ltr'><strong>notavit</strong></span> <span class='ocrx_word' id='word_1_166' title='bbox 729 1504 892 1551; x_wconf 85' lang='lat' dir='ltr'><strong>segnius.</strong></span> <span class='ocrx_word' id='word_1_167' title='bbox 927 1517 948 1537; x_wconf 91' lang='lat'><strong>&gt;›</strong></span> <span class='ocrx_word' id='word_1_168' title='bbox 977 1524 1029 1530; x_wconf 91' lang='lat'>—</span> 
     </span>
    </p>

    <p class='ocr_par' dir='ltr' id='par_1_17' title="bbox 99 1556 1028 1659">
     <span class='ocr_line' id='line_1_27' title="bbox 99 1556 1026 1605; baseline -0.004 -9"><span class='ocrx_word' id='word_1_169' title='bbox 99 1557 205 1596; x_wconf 85' lang='lat' dir='ltr'><strong>Talia.</strong></span> <span class='ocrx_word' id='word_1_170' title='bbox 231 1557 408 1596; x_wconf 81' lang='lat' dir='ltr'><strong>ludebant</strong></span> <span class='ocrx_word' id='word_1_171' title='bbox 433 1557 535 1605; x_wconf 84' lang='lat' dir='ltr'><strong>pueri</strong></span> <span class='ocrx_word' id='word_1_172' title='bbox 562 1569 625 1604; x_wconf 85' lang='lat' dir='ltr'><strong>per</strong></span> <span class='ocrx_word' id='word_1_173' title='bbox 652 1557 814 1593; x_wconf 77' lang='lat' dir='ltr'><strong>membra</strong></span> <span class='ocrx_word' id='word_1_174' title='bbox 842 1556 1026 1603; x_wconf 78' lang='lat' dir='ltr'><strong>magistri,</strong></span> 
     </span>
     <span class='ocr_line' id='line_1_28' title="bbox 152 1609 1028 1659; baseline -0.002 -11"><span class='ocrx_word' id='word_1_175' title='bbox 152 1611 231 1649; x_wconf 86' lang='lat' dir='ltr'><strong>Nec</strong></span> <span class='ocrx_word' id='word_1_176' title='bbox 257 1610 369 1659; x_wconf 85' lang='lat' dir='ltr'><strong>longa</strong></span> <span class='ocrx_word' id='word_1_177' title='bbox 397 1609 533 1648; x_wconf 85' lang='lat' dir='ltr'><strong>fessum</strong></span> <span class='ocrx_word' id='word_1_178' title='bbox 561 1621 677 1657; x_wconf 82' lang='lat' dir='ltr'><strong>poena</strong></span> <span class='ocrx_word' id='word_1_179' title='bbox 706 1609 871 1647; x_wconf 78' lang='lat' dir='ltr'><strong>solvebat</strong></span> <span class='ocrx_word' id='word_1_180' title='bbox 897 1609 1028 1646; x_wconf 78' lang='lat' dir='ltr'><strong>virum.</strong></span> 
     </span>
    </p>
   </div>
   <div class='ocr_carea' id='block_1_4' title="bbox 98 1761 1227 2133">
    <p class='ocr_par' dir='ltr' id='par_1_18' title="bbox 98 1761 1227 1918">
     <span class='ocr_line' id='line_1_29' title="bbox 162 1761 1227 1802; baseline -0.003 -8"><span class='ocrx_word' id='word_1_181' title='bbox 162 1763 208 1802; x_wconf 90' lang='grc'><strong>(1)</strong></span> <span class='ocrx_word' id='word_1_182' title='bbox 229 1764 338 1794; x_wconf 73' lang='lat' dir='ltr'><strong>maior</strong></span> <span class='ocrx_word' id='word_1_183' title='bbox 359 1766 461 1793; x_wconf 77' lang='lat' dir='ltr'><strong>tortor</strong></span> <span class='ocrx_word' id='word_1_184' title='bbox 480 1765 554 1793; x_wconf 80' lang='lat' dir='ltr'><strong>erat</strong></span> <span class='ocrx_word' id='word_1_185' title='bbox 574 1763 698 1800; x_wconf 76' lang='lat' dir='ltr'><strong>infans.</strong></span> <span class='ocrx_word' id='word_1_186' title='bbox 722 1761 782 1792; x_wconf 91' lang='lat' dir='ltr'><strong>Cur</strong></span> <span class='ocrx_word' id='word_1_187' title='bbox 803 1770 874 1791; x_wconf 84' lang='lat' dir='ltr'><strong>nam</strong></span> <span class='ocrx_word' id='word_1_188' title='bbox 896 1762 1024 1791; x_wconf 77' lang='lat' dir='ltr'><strong>maior?</strong></span> <span class='ocrx_word' id='word_1_189' title='bbox 1046 1761 1124 1799; x_wconf 84' lang='lat' dir='ltr'><strong>Quia</strong></span> <span class='ocrx_word' id='word_1_190' title='bbox 1139 1762 1227 1799; x_wconf 84' lang='lat' dir='ltr'><strong>pueri</strong></span> 
     </span>
     <span class='ocr_line' id='line_1_30' title="bbox 99 1803 1227 1842; baseline -0.003 -7"><span class='ocrx_word' id='word_1_191' title='bbox 99 1805 207 1836; x_wconf 71' lang='lat' dir='ltr'><strong>stilum</strong></span> <span class='ocrx_word' id='word_1_192' title='bbox 222 1806 254 1835; x_wconf 85' lang='lat' dir='ltr'><strong>in</strong></span> <span class='ocrx_word' id='word_1_193' title='bbox 275 1805 459 1842; x_wconf 75' lang='lat' dir='ltr'><strong>magistrum</strong></span> <span class='ocrx_word' id='word_1_194' title='bbox 482 1813 578 1842; x_wconf 75' lang='lat' dir='ltr'><strong>parva</strong></span> <span class='ocrx_word' id='word_1_195' title='bbox 599 1805 630 1834; x_wconf 84' lang='lat' dir='ltr'><strong>vi</strong></span> <span class='ocrx_word' id='word_1_196' title='bbox 654 1803 829 1840; x_wconf 51' lang='lat' dir='ltr'><strong>inserentes.</strong></span> <span class='ocrx_word' id='word_1_197' title='bbox 845 1803 1037 1833; x_wconf 81' lang='lat' dir='ltr'><strong>cruciatibus</strong></span> <span class='ocrx_word' id='word_1_198' title='bbox 1058 1803 1227 1832; x_wconf 82' lang='lat' dir='ltr'><strong>innumeris</strong></span> 
     </span>
     <span class='ocr_line' id='line_1_31' title="bbox 98 1844 1226 1882; baseline -0.004 -5"><span class='ocrx_word' id='word_1_199' title='bbox 98 1855 166 1877; x_wconf 87' lang='lat' dir='ltr'><strong>eum</strong></span> <span class='ocrx_word' id='word_1_200' title='bbox 189 1848 313 1876; x_wconf 73' lang='lat' dir='ltr'><strong>tantum</strong></span> <span class='ocrx_word' id='word_1_201' title='bbox 335 1846 511 1876; x_wconf 78' lang='lat' dir='ltr'><strong>afficiebant</strong></span> <span class='ocrx_word' id='word_1_202' title='bbox 525 1868 533 1882; x_wconf 92' lang='lat'><strong>‚</strong></span> <span class='ocrx_word' id='word_1_203' title='bbox 556 1854 616 1875; x_wconf 89' lang='lat' dir='ltr'><strong>nou</strong></span> <span class='ocrx_word' id='word_1_204' title='bbox 636 1853 707 1875; x_wconf 86' lang='lat' dir='ltr'><strong>vero</strong></span> <span class='ocrx_word' id='word_1_205' title='bbox 729 1846 826 1874; x_wconf 83' lang='lat' dir='ltr'><strong>morte</strong></span> <span class='ocrx_word' id='word_1_206' title='bbox 841 1867 849 1880; x_wconf 90' lang='lat'>‚</span> <span class='ocrx_word' id='word_1_207' title='bbox 873 1852 964 1881; x_wconf 77' lang='lat' dir='ltr'><strong>quam</strong></span> <span class='ocrx_word' id='word_1_208' title='bbox 985 1845 1014 1874; x_wconf 87' lang='lat' dir='ltr'><strong>ei</strong></span> <span class='ocrx_word' id='word_1_209' title='bbox 1042 1844 1226 1874; x_wconf 85' lang='lat' dir='ltr'><strong>robustiores</strong></span> 
     </span>
     <span class='ocr_line' id='line_1_32' title="bbox 99 1887 319 1918; baseline 0 0"><span class='ocrx_word' id='word_1_210' title='bbox 99 1887 319 1918; x_wconf 73' lang='lat' dir='ltr'><strong>accelerarunt.</strong></span> 
     </span>
    </p>

    <p class='ocr_par' dir='ltr' id='par_1_19' title="bbox 99 1926 1224 2008">
     <span class='ocr_line' id='line_1_33' title="bbox 163 1926 1224 1968; baseline -0.004 -8"><span class='ocrx_word' id='word_1_211' title='bbox 163 1929 210 1968; x_wconf 88' lang='lat'><strong>(2)</strong></span> <span class='ocrx_word' id='word_1_212' title='bbox 230 1933 303 1966; x_wconf 69' lang='lat' dir='ltr'><strong>este,</strong></span> <span class='ocrx_word' id='word_1_213' title='bbox 319 1938 447 1968; x_wconf 71' lang='lat' dir='ltr'><strong>precor,</strong></span> <span class='ocrx_word' id='word_1_214' title='bbox 471 1929 579 1966; x_wconf 75' lang='lat' dir='ltr'><strong>fortes.</strong></span> <span class='ocrx_word' id='word_1_215' title='bbox 595 1927 735 1958; x_wconf 82' lang='lat' dir='ltr'><strong>Cassiani</strong></span> <span class='ocrx_word' id='word_1_216' title='bbox 757 1927 851 1957; x_wconf 75' lang='lat' dir='ltr'><strong>verba</strong></span> <span class='ocrx_word' id='word_1_217' title='bbox 872 1926 911 1956; x_wconf 78' lang='lat' dir='ltr'><strong>ad</strong></span> <span class='ocrx_word' id='word_1_218' title='bbox 926 1935 1034 1965; x_wconf 79' lang='lat' dir='ltr'><strong>parvos</strong></span> <span class='ocrx_word' id='word_1_219' title='bbox 1048 1926 1224 1964; x_wconf 84' lang='lat' dir='ltr'><strong>discipulos,</strong></span> 
     </span>
     <span class='ocr_line' id='line_1_34' title="bbox 99 1970 733 2008; baseline -0.005 -7"><span class='ocrx_word' id='word_1_220' title='bbox 99 1971 152 2008; x_wconf 83' lang='lat' dir='ltr'><strong>qui</strong></span> <span class='ocrx_word' id='word_1_221' title='bbox 173 1971 305 2001; x_wconf 85' lang='lat' dir='ltr'><strong>nondum</strong></span> <span class='ocrx_word' id='word_1_222' title='bbox 327 1979 366 2001; x_wconf 82' lang='lat' dir='ltr'><strong>ex</strong></span> <span class='ocrx_word' id='word_1_223' title='bbox 386 1970 509 2008; x_wconf 84' lang='lat' dir='ltr'><strong>ephebis</strong></span> <span class='ocrx_word' id='word_1_224' title='bbox 529 1971 733 2001; x_wconf 61' lang='lat' dir='ltr'><strong>excesserant.</strong></span> 
     </span>
    </p>

    <p class='ocr_par' dir='ltr' id='par_1_20' title="bbox 99 2009 1226 2133">
     <span class='ocr_line' id='line_1_35' title="bbox 161 2009 1226 2051; baseline -0.004 -9"><span class='ocrx_word' id='word_1_225' title='bbox 161 2011 208 2050; x_wconf 83' lang='lat'><strong>(3)</strong></span> <span class='ocrx_word' id='word_1_226' title='bbox 221 2021 363 2051; x_wconf 74' lang='lat' dir='ltr'><strong>panyere</strong></span> <span class='ocrx_word' id='word_1_227' title='bbox 371 2014 511 2050; x_wconf 81' lang='lat' dir='ltr'><strong>puncta.</strong></span> <span class='ocrx_word' id='word_1_228' title='bbox 527 2011 666 2047; x_wconf 78' lang='lat' dir='ltr'><strong>Infigere.</strong></span> <span class='ocrx_word' id='word_1_229' title='bbox 683 2009 858 2040; x_wconf 74' lang='lat' dir='ltr'><strong>Petulantis</strong></span> <span class='ocrx_word' id='word_1_230' title='bbox 872 2009 1015 2048; x_wconf 86' lang='lat' dir='ltr'><strong>discipuli</strong></span> <span class='ocrx_word' id='word_1_231' title='bbox 1031 2009 1118 2040; x_wconf 79' lang='lat' dir='ltr'><strong>iuvat</strong></span> <span class='ocrx_word' id='word_1_232' title='bbox 1135 2009 1226 2039; x_wconf 82' lang='lat' dir='ltr'><strong>verba</strong></span> 
     </span>
     <span class='ocr_line' id='line_1_36' title="bbox 100 2050 1225 2087; baseline -0.004 -4"><span class='ocrx_word' id='word_1_233' title='bbox 100 2053 262 2084; x_wconf 66' lang='lat' dir='ltr'><strong>adnotasse</strong></span> <span class='ocrx_word' id='word_1_234' title='bbox 282 2053 352 2083; x_wconf 80' lang='lat' dir='ltr'><strong>felle</strong></span> <span class='ocrx_word' id='word_1_235' title='bbox 373 2055 405 2083; x_wconf 84' lang='lat' dir='ltr'><strong>et</strong></span> <span class='ocrx_word' id='word_1_236' title='bbox 424 2053 520 2082; x_wconf 80' lang='lat' dir='ltr'><strong>livore</strong></span> <span class='ocrx_word' id='word_1_237' title='bbox 545 2053 647 2081; x_wconf 77' lang='lat' dir='ltr'><strong>tincta</strong></span> <span class='ocrx_word' id='word_1_238' title='bbox 661 2074 668 2086; x_wconf 90' lang='lat'>‚</span> <span class='ocrx_word' id='word_1_239' title='bbox 692 2060 711 2081; x_wconf 73' lang='lat' dir='ltr'><strong>a</strong></span> <span class='ocrx_word' id='word_1_240' title='bbox 731 2052 866 2081; x_wconf 80' lang='lat' dir='ltr'><strong>veritate</strong></span> <span class='ocrx_word' id='word_1_241' title='bbox 887 2050 1091 2087; x_wconf 78' lang='lat' dir='ltr'><strong>alienissima,</strong></span> <span class='ocrx_word' id='word_1_242' title='bbox 1108 2051 1138 2080; x_wconf 90' lang='lat' dir='ltr'><strong>in</strong></span> <span class='ocrx_word' id='word_1_243' title='bbox 1162 2059 1225 2079; x_wconf 79' lang='lat' dir='ltr'><strong>ma-</strong></span> 
     </span>
     <span class='ocr_line' id='line_1_37' title="bbox 99 2091 1224 2133; baseline -0.004 -8"><span class='ocrx_word' id='word_1_244' title='bbox 99 2094 232 2133; x_wconf 76' lang='lat' dir='ltr'><strong>gistrum</strong></span> <span class='ocrx_word' id='word_1_245' title='bbox 254 2095 388 2132; x_wconf 72' lang='lat' dir='ltr'><strong>iactata,</strong></span> <span class='ocrx_word' id='word_1_246' title='bbox 410 2102 500 2131; x_wconf 85' lang='lat' dir='ltr'><strong>quem</strong></span> <span class='ocrx_word' id='word_1_247' title='bbox 521 2095 680 2130; x_wconf 74' lang='lat' dir='ltr'><strong>tamquam</strong></span> <span class='ocrx_word' id='word_1_248' title='bbox 695 2092 835 2130; x_wconf 79' lang='lat' dir='ltr'><strong>iniquum</strong></span> <span class='ocrx_word' id='word_1_249' title='bbox 849 2092 1060 2130; x_wconf 83' lang='lat' dir='ltr'><strong>crudelemque</strong></span> <span class='ocrx_word' id='word_1_250' title='bbox 1074 2091 1224 2123; x_wconf 77' lang='lat' dir='ltr'><strong>traducit.</strong></span> 
     </span>
    </p>
   </div>
   <div class='ocr_carea' id='block_1_5' title="bbox 0 2445 175 2537">
    <p class='ocr_par' dir='ltr' id='par_1_21' title="bbox 0 2445 175 2537">
     <span class='ocr_line' id='line_1_38' title="bbox 0 2445 175 2537; baseline 0 -24"><span class='ocrx_word' id='word_1_251' title='bbox 0 2445 98 2537; x_wconf 56' lang='grc' dir='ltr'><strong>ἒ(</strong></span> <span class='ocrx_word' id='word_1_252' title='bbox 114 2500 118 2516; x_wconf 71' lang='grc'>;</span> <span class='ocrx_word' id='word_1_253' title='bbox 172 2512 175 2513; x_wconf 19' lang='lat'><em>⁷</em></span> 
     </span>
     <span class='ocr_line' id='line_1_39' title="bbox 98 2520 120 2537; baseline 0 0"><span class='ocrx_word' id='word_1_254' title='bbox 98 2520 120 2537; x_wconf 53' lang='grc' dir='ltr'>ἰ</span> 
     </span>
    </p>
   </div>
  </div>
 </body>
</html>
