1450 2537
219 160 293 196 190
594 169 742 196 Avitum
771 168 968 195 annsswrn

321 283 497 320 Homines
525 281 638 320 fuisse
666 294 777 330 quum
805 281 901 320 scias
922 281 998 331 (1),
1020 293 1110 330 quos
1129 293 1334 328 0011300133,

320 337 442 373 Urnas
469 347 609 372 reorum
637 335 848 373 morticinas
882 336 940 383 (2)
969 335 1154 389 lambere?
1260 337 1336 373 ὸόῑ)

373 389 529 433 Desiste,
560 388 667 425 iudex
695 389 844 434 saeculi,
874 389 1020 425 tantum
1048 388 1153 426 nefas

318 442 417 479 Viris
445 441 566 478 iubere
594 441 817 488 fortibusque
847 442 882 478 et
909 441 1055 479 liberis:

317 495 380 531 Nil
409 496 464 531 est
490 505 609 531 amore
638 494 804 531 veritatis
833 493 979 531 celsius.

316 547 383 584 Dei
410 547 580 594 perennis
607 558 742 583 numen
770 547 1021 584 adserentibus

316 600 421 636 Nihil
449 601 504 636 est
521 600 662 646 pavori,
683 611 780 637 mors
795 599 927 647 etipsa
942 601 1117 637 subiacet.
1141 613 1164 634 >›
1185 623 1228 627 —
1260 601 1336 638 390

368 653 514 689 Dudum
542 653 732 699 coquebat,
764 653 962 690 disserente
991 655 1164 702 martyre,

315 706 552 752 Asclepiades
581 706 681 743 intus
709 706 801 743 iram
829 706 1036 752 subdolam,

316 759 571 796 Stomaehatus
599 759 674 796 alto
701 759 799 804 felle,
832 760 917 796 dum
945 759 1097 806 longum
1127 759 1185 808 (3)
1216 759 1316 805 silet,

314 812 500 858 Bilenique
528 812 636 849 tectis
664 812 823 859 concipit
849 812 1088 859 praecordiis3

315 865 476 901 'l'aindem
502 864 654 902 latentis
681 865 756 902 vim
783 865 916 903 furoris
944 865 1106 903 evomit:
1261 866 1335 902 395

366 938 418 943 —
435 931 456 952 «
473 918 543 954 Pro
559 917 744 964 Iuppiter!
764 918 934 965 quidest,
953 919 1048 965 quod
1062 931 1105 956 ex
1120 918 1187 956 hoe
1202 919 1308 956 audio
1320 921 1337 954 ¹?

314 972 394 1007 Stat
422 970 516 1007 inter
543 982 626 1008 aras
655 972 690 1008 et
718 971 864 1008 deorum
892 971 1073 1018 imagines

315 1024 376 1068 Et,
409 1023 504 1070 quod
530 1023 638 1060 fateri
666 1034 788 1071 cogor,
819 1024 858 1061 in
887 1025 1004 1062 medio
1032 1025 1123 1070 foro,

313 1077 470 1113 Tacente
498 1078 643 1122 memet,
674 1088 716 1114 ae
743 1078 889 1124 perorat
915 1077 1094 1124 perditus,

314 1129 497 1176 Quidquid
524 1140 710 1166 sacrorum
737 1131 793 1167 est
820 1141 879 1167 ore
906 1129 1059 1168 foedans
1086 1129 1210 1177 impio.
1260 1130 1336 1168 400

368 1183 398 1220 O
427 1182 484 1219 fas
511 1182 692 1229 priorum!
719 1182 779 1231 (4)
808 1183 919 1221 moris
948 1194 967 1220 0
995 1183 1107 1230 prisci
1135 1184 1278 1220 status!

314 1236 473 1272 Inventa
500 1247 628 1282 regum
654 1247 719 1282 pro
747 1235 865 1273 salute
892 1236 1040 1283 publica

313 1288 573 1335 Pompiliorum
603 1288 661 1336 (5)
691 1290 816 1326 nostra
843 1291 998 1336 carpunt
1024 1289 1185 1327 saecula.

314 1341 402 1386 Quis
430 1341 496 1378 hos
524 1341 708 1388 sophistas
735 1353 832 1379 error
862 1342 919 1391 (6)
949 1342 1088 1379 invexit
1115 1353 1246 1388 novus,

314 1394 382 1440 Qui
410 1405 484 1431 non
512 1395 680 1433 colendos
708 1406 786 1432 esse
815 1394 918 1433 divos
945 1395 1166 1443 disputent?
1260 1395 1335 1433 405

270 1492 316 1531 (1)
342 1494 497 1523 Homines
528 1494 629 1531 fuisse
658 1504 758 1533 quum
781 1495 878 1525 scias.
903 1495 940 1524 V.
964 1495 995 1525 S.
1020 1494 1160 1525 AVGVST.
1183 1496 1232 1525 De
1265 1495 1335 1527 C-iv.

209 1535 279 1564 Dei.
306 1535 341 1564 L.
366 1535 433 1569 VlI,
460 1536 508 1564 18.

271 1575 321 1614 (2)
344 1578 546 1606 morticinas.
571 1577 672 1607 Urnas
699 1586 819 1613 eorum,
844 1577 897 1613 qui
918 1586 978 1606 11011
1010 1578 1144 1607 mactati
1166 1578 1222 1607 aut
1242 1577 1336 1607 occisi

208 1620 293 1653 sunt,
309 1618 361 1647 sed
376 1619 488 1647 natura
500 1620 710 1648 concesserunt
724 1628 730 1654 ;
749 1628 807 1648 non
823 1619 920 1655 igitur
934 1620 1117 1649 morticinus
1131 1620 1178 1649 est
1192 1619 1336 1654 exiguum

208 1659 338 1688 cadaver
353 1682 361 1695 ‚
383 1660 431 1688 uti
452 1660 532 1696 apud
554 1669 608 1689 nos
629 1660 724 1689 Italos
749 1671 793 1689 ηπ
821 1661 1001 1690 morticino.
1027 1660 1080 1700 (V.
1104 1660 1142 1690 A.
1173 1661 1335 1694 MAnzom,

209 1701 371 1730 Promessi
403 1701 518 1738 θροεῖ,
544 1701 576 1732 C.
601 1701 758 1738 XXXIV).
788 1702 846 1732 Hic
878 1702 1048 1739 sepulerum
1081 1702 1259 1738 indicatur,
1283 1702 1336 1731 ubi

208 1741 360 1771 cadavera
381 1742 506 1772 condita
527 1743 611 1773 sunt.

270 1781 321 1821 (3)
344 1783 478 1821 lonqum
499 1784 579 1820 sing.
603 1784 635 1813 et
658 1784 754 1823 lonyoe
776 1793 807 1814 n.
829 1784 872 1822 pl.
897 1784 1065 1816 adverbial.
1088 1793 1143 1822 pro
1164 1784 1230 1814 diu.

269 1822 319 1863 (4)
338 1826 505 1862 priorum..
529 1826 650 1855 Priores
673 1824 704 1858 οἵ
729 1825 899 1871 πρόγονοι,
925 1827 1073 1856 maiores:
1097 1835 1150 1856 nos
1172 1826 1334 1856 antenati.

270 1871 318 1911 (5)
343 1873 594 1910 Pompiliorum.
619 1873 737 1902 Numae
759 1873 915 1911 Pompilii,
950 1873 1002 1910 qui
1037 1874 1154 1911 primus
1175 1874 1209 1903 in
1230 1874 1335 1903 urbem

209 1913 382 1949 religionem
392 1915 526 1950 induxit,
536 1916 568 1944 et
579 1916 747 1944 ceterorum
756 1916 808 1951 qui
817 1916 906 1944 huius
913 1916 993 1952 regis
1001 1915 1139 1953 exempla
1145 1915 1242 1944 secuti
1249 1916 1333 1944 sunt.

271 1955 317 1993 16)
339 1956 512 1993 sophistas.
538 1956 595 1994 Qui
617 1965 671 1993 per
699 1957 871 1994 sapientiae
888 1957 1020 1994 speciem
1041 1955 1120 1986 falsa
1140 1956 1334 1994 profitentur.

208 1996 359 2025 Lucienus
381 1997 435 2026 hoe
458 2006 547 2026 sensu
568 1997 725 2034 religionis
747 1998 869 2028 nostrae
887 1998 1026 2027 divinum
1048 1998 1242 2028 Conditorem
1270 1997 1334 2030 ἀν-

209 2041 489 2088 εσκολοπιῦμὲνον
515 2045 678 2088 σοφιστὴν
701 2046 748 2074 est
770 2054 861 2074 ausus
894 2045 1178 2082 impudentissimus
1199 2045 1335 2074 omnium

208 2098 381 2128 graecorum
395 2091 558 2129 appellare.
569 2091 615 2132 (V.
628 2092 721 2122 Dial.
730 2093 864 2132 Pereqr.
873 2092 952 2131 apud
964 2092 994 2124 S.
1004 2092 1080 2123 CYR.
1093 2091 1127 2122 L.
1134 2091 1240 2131 V11‚p.
1248 2092 1334 2125 229).

1446 654 1450 663 1
1439 316 1450 595 ...-,...Α..-·.ᾳ-ςΑ-.ι
1440 267 1444 285 ’-
