1502 2537
171 232 267 239 0—-

378 164 488 200 nsspl
513 163 773 200 ΣΤΕΦΑΝΩΝ
800 171 952 199 ΗΥΜΝνε
978 172 1000 199 x
1179 159 1254 199 191

292 287 402 325 Nunc
430 287 564 335 dogma
589 285 695 324 nobis
723 285 972 324 Christianum
1000 286 1178 333 nascitur,

242 341 330 378 Post
356 340 517 378 evolutos
544 339 644 377 mille
671 339 815 377 demum
842 339 1010 377 consules
1055 355 1061 359 ·

242 394 301 432 Ab
328 394 415 431 urbe
443 394 582 438 Roma,
612 404 657 430 ne
685 394 843 430 retexam
872 393 1050 430 Nestoras
1077 392 1152 441 (1).

241 446 425 494 Quidquid
453 445 636 483 novellum
663 445 797 493 surgit,
828 445 913 483 olim
941 457 1013 483 non
1042 446 1126 483 fuit.

242 499 309 537 Vis
328 511 471 537 summa
489 510 608 536 rerum
628 500 762 536 nosse?
782 498 960 546 Pyrrham
981 499 1040 547 (2)
1069 499 1230 536 consule.

294 557 365 595 Ubi
394 557 461 594 iste
490 559 609 595 vester
634 558 724 594 tunc
744 559 823 594 erat
841 568 1004 595 summus
1024 558 1135 602 Deus,
1168 556 1259 607 [410

243 611 374 649 Div1‘1m
405 610 526 647 favore
554 621 666 657 quum
694 621 782 657 puer
809 610 1012 648 Mavortius

243 664 427 701 Fundaret
452 674 571 700 arcem
599 663 820 710 septicollem
849 663 1051 701 Romulus?

241 716 342 762 Quod
371 717 485 753 Roma
512 715 624 763 pollet
650 716 838 763 auspicato
867 717 926 764 (3)
955 716 1117 762 condita,

243 769 324 807 Iovi
352 770 486 807 Statori
514 769 619 806 debet
645 771 682 806 et
709 769 780 806 diis
806 769 949 806 ceteris.
1182 770 1258 807 415

295 828 373 866 Hoc
385 830 552 865 sanctum
561 828 608 864 ab
619 839 707 865 aevo
716 829 783 873 est,
795 828 863 865 hoc
878 829 924 865 ab
933 828 1053 866 atavis
1067 829 1256 866 traditum:

242 881 429 919 Placanda
457 881 562 918 nobis
590 892 654 927 pro
681 881 877 927 triumphis
905 881 1083 928 principis

242 934 416 979 Delubra,
446 933 591 970 faustus
618 935 660 971 ut
687 934 860 971 secundet
887 934 1005 981 gloria

242 987 471 1032 Prociuctus,
499 987 610 1033 utque
639 986 846 1033 subiugatis
874 987 1040 1025 hostibus

241 1041 378 1078 Ductor
405 1039 569 1087 quietum
595 1037 713 1076 frenet
739 1039 861 1076 orbem
888 1040 1045 1088 legibus.
1183 1041 1258 1078 420

291 1099 495 1147 Accingere
522 1109 624 1146 ergo,
654 1098 820 1146 quisquis
847 1110 900 1144 es,
933 1100 1168 1147 nequissime,

242 1154 312 1191 Pro
341 1151 544 1199 Principali
572 1151 631 1200 (4)
660 1151 728 1189 rite
756 1151 945 1189 nobiscum
973 1153 1056 1190 deos

176 1218 183 1224 ·
241 1206 353 1244 Orare
382 1205 484 1242 vita:
515 1204 588 1250 vel,
619 1204 715 1252 quod
742 1204 882 1242 hostem
910 1206 1096 1252 publicum

241 1258 326 1296 Pati
354 1268 499 1295 necesse
526 1258 596 1303 est,
627 1257 724 1295 solve
751 1268 906 1305 poenam
934 1259 1137 1306 sanguine:

239 1311 424 1358 Sprevisse
437 1310 588 1357 templa,
601 1310 782 1357 respuisse
796 1313 851 1348 est
866 1311 1079 1359 principem.
1095 1325 1168 1347 >›—
1181 1313 1257 1349 425

293 1369 457 1408 Tuncille
472 1384 480 1406 ι
497 1390 550 1395 -
564 1383 586 1404 <<
599 1380 797 1416 numquam
811 1381 874 1416 pro
890 1370 1021 1416 salute,
1039 1373 1075 1408 et
1090 1371 1259 1409 maximis

241 1422 533 1470 Fortissimisque
561 1422 736 1469 principis
764 1423 970 1460 cohortibus

240 1476 360 1514 Aliter
385 1475 572 1522 precabor,
603 1486 711 1522 quam
740 1476 843 1513 fidele
870 1478 912 1513 ut
939 1476 1112 1523 militent,

242 1528 448 1576 Christique
475 1527 635 1575 lymphis
663 1530 705 1565 ut
731 1531 972 1566 renascantur
998 1530 1116 1576 Patri,

241 1581 398 1629 capiant
424 1581 460 1618 et
486 1581 606 1628 ipsum
633 1581 786 1619 caelitus
815 1582 1053 1620 Paraclitum.
1181 1584 1258 1622 430

197 1719 249 1759 (1)
271 1721 419 1750 Nestora.
443 1720 487 1750 Ne
509 1729 556 1750 mo
571 1720 610 1750 ad
632 1720 757 1751 heroum
775 1722 911 1752 aetatem
935 1722 1077 1759 referam,
1101 1731 1160 1760 quo
1183 1725 1256 1754 tem·

135 1770 207 1800 pore
227 1762 336 1792 floruit
355 1761 478 1792 Nestor.

199 1813 250 1854 (2)
272 1814 439 1852 Pyrrham
451 1815 589 1846 consule.
604 1815 640 1847 V.
653 1816 823 1846 Historiam
839 1815 1018 1854 famularem,
1032 1819 1064 1848 et
1078 1818 1214 1848 nostrum
1226 1818 1257 1848 in

135 1855 265 1890 Ἀποθ.
287 1856 359 1886 292.

200 1908 251 1948 (3)
273 1909 453 1947 auspicato,
482 1910 528 1939 uti
560 1914 724 1949 ααφιναιο
746 1911 912 1942 adverbial.
942 1912 1045 1944 Scilic.
1075 1913 1177 1951 captis
1204 1923 1253 1944 au-

134 1949 253 1989 spieiis.
276 1950 313 1981 V.
336 1951 428 1981 Τνιι.
451 1951 499 1981 De
519 1952 634 1982 Diviu.
650 1952 692 1983 11.

200 2003 246 2041 (4)
264 2012 326 2041 pro
343 2004 565 2041 principali...
589 2005 669 2036 vita.
692 2005 751 2035 Pro
773 2006 852 2042 vita,
868 2015 945 2043 quae
967 2006 1005 2036 ad
1025 2008 1194 2046 principem
1210 2009 1256 2038 at-

135 2045 229 2075 tinet.
252 2044 354 2075 Dictio
375 2046 510 2074 occurrit
531 2046 612 2083 apud
633 2046 726 2078 vm.
750 2047 886 2079 Pirene.
901 2048 1055 2086 Troum,
1078 2049 1214 2080 Pumvm
1225 2051 1254 2081 et

134 2085 229 2119 Svst.
261 2102 300 2108 —
322 2086 381 2116 Pro
403 2086 542 2117 Caesaris
563 2087 788 2121 incolumitate.
