1502 2537
272 58 325 79 'J‘
378 55 385 61 .

289 171 396 208 mlv!
425 171 682 208 ΣΊῈΦΑΝΩΝ
716 177 867 207 1111111115
894 178 918 206 x
1125 166 1198 204 133

235 293 356 340 Quid?
383 293 479 341 quod
507 293 575 331 sub
601 292 692 340 ipsis
711 291 845 330 veritas
864 290 982 339 signis
1003 290 1062 339 (1)
1084 292 1197 338 pant.

183 347 354 385 Formata
381 347 419 384 in
447 358 528 384 aere
555 345 748 384 criminum
775 344 955 392 vestigiis.

183 400 278 446 Quid
305 399 385 437 vult
411 399 575 447 sigillum
604 409 744 446 semper
771 398 931 435 adfixum
959 396 1037 434 Iovi

184 453 276 491 Avis
303 452 517 490 ministrae?
546 453 604 501 (2)
634 463 761 499 nempe
790 450 892 488 velox
920 450 1078 493 armigvr

184 507 298 552 Leno,
323 505 503 543 exoletum
532 504 591 553 (3)
620 504 683 552 qui
710 506 868 552 tyranno
891 502 1053 550 pertulit.
1125 502 1200 538 235

238 559 368 597 Facem
394 558 554 596 recincta
581 560 679 595 veste
706 556 911 604 praetendit
939 556 1044 593 Ceres
1073 555 1146 604 (4).

185 613 272 658 Cur,
303 612 336 650 si
363 611 510 649 deorum
537 621 642 648 nemo
669 610 791 657 rapuit
819 608 1011 656 virginem,

183 667 299 711 Quam
327 666 430 702 nocte
459 675 636 712 quaerens
663 664 777 700 mater
805 663 902 699 errat
928 660 1111 708 pervigil?

187 719 300 756 Fusos
327 718 507 755 rotantem
535 715 716 754 cernimus
742 714 975 763 Tyrinthium
1004 714 1088 763 (5):

187 772 272 817 Cur,
302 770 335 808 si
362 771 525 808 Neaerae
552 780 626 807 non
653 768 725 806 fuit
750 767 933 805 ludibrio?
1126 766 1201 803 240

238 823 331 870 Quid
358 823 575 861 rusticorum
603 823 766 859 monstra
793 820 948 858 detester
975 819 1095 866 deum,

185 877 345 922 Faunos,
376 875 542 922 Priapos,
573 874 783 912 fistularum
809 872 993 920 praesides
1022 874 1095 921 (6),

187 929 379 978 Nymphas
406 930 592 973 natantes,
622 926 831 974 incolasque
859 925 1053 973 aquatiles,

186 983 283 1020 Sitas
310 982 379 1020 sub
405 981 496 1027 alto,
526 991 622 1018 more
649 990 837 1025 ranarum,
867 978 972 1016 lacu:

187 1034 404 1073 Divinitatis
429 1034 488 1071 ius
515 1034 554 1070 in
582 1032 680 1080 algis
698 1031 871 1069 vilibus?
1127 1031 1202 1068 245

157 1135 160 1138 Ι
243 1088 299 1127 Ad
324 1087 413 1125 haec
440 1086 591 1124 colenda
619 1097 674 1122 me
703 1096 825 1130 vocas,
854 1095 981 1122 censor
1009 1085 1127 1121 bone?

187 1141 342 1179 Potesne
369 1139 567 1188 quidquam
595 1138 682 1185 tale,
714 1138 747 1176 si
774 1149 905 1175 sanum
933 1137 1047 1184 sapis,

163 1221 171 1228 .
185 1194 359 1231 Sanctum
386 1193 541 1240 putare?
569 1203 690 1229 nonne
716 1190 925 1239 pulmonem
952 1194 1071 1228 movet

188 1246 352 1292 Derisus,
382 1245 475 1283 istas
502 1245 649 1282 intuens
677 1244 848 1292 ineptias,

186 1300 285 1346 Quas
311 1298 518 1337 vinolentae
545 1297 698 1336 somniis
725 1297 875 1345 fingunt
901 1298 1023 1334 anus?
1131 1297 1205 1333 ‘250

145 1433 192 1473 (1)
214 1434 339 1472 Signis.
356 1433 423 1463 Non
444 1435 551 1471 poetae
573 1433 696 1463 tantum
711 1455 720 1469 ‚
752 1432 804 1462 sed
836 1433 968 1470 pictores
995 1432 1029 1461 et
1059 1431 1206 1461 statuarii

84 1475 256 1506 istiusmodi
277 1475 400 1505 deorum
421 1476 525 1512 turpia
546 1475 630 1504 facta
651 1474 688 1504 ob
710 1474 820 1508 oeulos,
838 1474 876 1503 ad
899 1474 1013 1503 civium
1028 1481 1125 1502 mores
1139 1481 1202 1502 cor·

84 1516 334 1555 rumpendendos‚
347 1516 565 1553 proponebant.
582 1515 625 1545 De
648 1516 686 1545 iis
708 1515 821 1545 idcirco
837 1515 946 1544 merito
968 1514 1067 1551 questi
1089 1515 1161 1543 sunt
1175 1515 1207 1543 et

84 1557 222 1590 Teanum.
238 1558 315 1595 ipse,
331 1557 363 1586 in
379 1557 457 1586 Evu.
474 1556 532 1592 ΠΙ,
549 1557 580 1592 5,
597 1556 648 1592 35,
666 1573 703 1577 —
719 1557 774 1590 41:
793 1558 825 1586 et
840 1556 1046 1591 Pnopmnvs,
1063 1555 1106 1592 11,
1122 1556 1157 1591 63
1175 1556 1207 1584 et

84 1599 190 1635 Ovum,
211 1600 244 1628 et
263 1599 347 1634 Tm„
369 1598 484 1634 aliique
505 1597 552 1627 vel
572 1597 728 1627 liberiores
749 1599 867 1635 poetae.

148 1640 190 1678 (2)
211 1640 282 1669 avia
302 1640 488 1674 ministrae,
512 1639 640 1675 Aquilae
655 1662 662 1674 ,
699 1647 776 1674 quae
808 1637 1004 1669 Ganimedem
1041 1637 1169 1674 fingitur
1190 1645 1207 1667 e

85 1681 177 1712 terris
196 1679 358 1711 sublimem
379 1679 418 1709 ad
438 1680 539 1710 Iovem
561 1680 745 1717 perduxisse.

148 1721 195 1761 (3)
215 1721 401 1752 exsoletam.
425 1721 461 1750 V.
480 1722 601 1751 Contra
622 1721 780 1759 Symmao.
803 1720 830 1755 1.
854 1720 905 1750 69.

148 1763 196 1803 (4)
219 1764 319 1793 Ceres.
341 1762 458 1793 Cereris
472 1762 606 1791 fabulam
629 1761 722 1791 habes
737 1762 768 1790 iu
782 1761 874 1791 Tullii
890 1761 1017 1790 Verriua
1038 1760 1095 1794 VI:
1112 1761 1207 1797 deque

86 1806 176 1843 rapta
191 1813 210 1834 a
223 1804 294 1834 Dite
308 1803 487 1840 Proserpina
501 1806 607 1840 poema
618 1803 727 1840 panxit
738 1802 771 1833 C.
787 1802 996 1839 cinnums,
1008 1803 1092 1832 euius
1105 1804 1206 1832 tamen

85 1846 198 1877 tertius
217 1845 294 1875 liber
315 1844 442 1874 mutilus
463 1844 501 1874 ad
522 1852 576 1873 nos
596 1844 746 1881 pervenit.

149 1887 193 1925 15)
217 1886 440 1925 Tyrinthium.
463 1884 606 1915 Hercules
627 1886 709 1914 inter
729 1884 856 1915 ancillas
869 1883 1041 1922 Omphales,
1057 1884 1207 1922 Lydorum

86 1928 223 1965 reginae.
245 1927 309 1957 colo
331 1935 422 1964 pensa
451 1926 575 1956 trahens
597 1928 751 1956 narratur.
776 1925 812 1957 V.
836 1926 929 1955 Puer.
956 1926 1011 1962 111,
1037 1926 1069 1955 ll
1084 1949 1092 1961 ‚
1118 1927 1154 1956 17
1177 1930 1210 1956 et

85 1977 171 2007 seqq.
195 1985 234 1990 —
256 1969 294 1999 St
314 1969 454 1998 Neaerae
474 1970 532 1998 etc.
554 1967 673 1997 Neaera
693 1976 747 2005 pro
779 1967 916 2003 qualibet
944 1966 1075 1997 formosa
1096 1966 1208 2005 puella.

87 2011 167 2050 apud
187 2010 285 2046 Bon..
305 2010 425 2044 vau„
447 2009 554 2044 Viuo„
575 2010 635 2038 etc.

149 2050 196 2091 (6)
218 2051 380 2082 lv'istular.
398 2049 577 2089 praesides.
600 2050 666 2079 Pan
697 2049 813 2087 primus
835 2057 948 2079 avenae
976 2049 1094 2079 dicitur
1114 2048 1209 2079 fuisse

87 2095 240 2126 inventor.
263 2092 300 2124 V.
324 2092 414 2122 Ovln.
439 2092 569 2122 Metam.
593 2091 620 2128 1,
644 2091 716 2122 690.
