1502 2537
430 154 712 183 carunnaamon
742 154 891 182 nrMst
919 156 960 182 111
1217 146 1263 184 15

351 274 434 322 Ipse
462 274 600 312 homini
628 274 713 322 quia
741 276 873 311 cuncta
902 274 1014 319 dedit,

295 327 392 372 Quae
420 327 598 374 capimus,
630 326 839 364 dominante
869 339 994 367 mann.

294 381 393 425 Quae
421 380 539 428 polus,
570 383 635 418 aut
662 380 808 425 humus,
840 381 905 417 aut
933 380 1085 427 pelagus

296 435 402 478 Aere,
433 434 594 480 gurgite,
625 444 705 470 rure
733 434 882 478 creant,

296 485 397 523 Haec
426 486 514 523 mihi
542 485 718 531 subdidit,
748 487 784 523 et
811 485 881 523 sibi
910 496 978 522 me.
1213 489 1261 524 40

347 538 509 576 Callidus
537 538 724 586 inlaqueat
751 537 913 576 volucres

293 592 371 629 Aut
397 591 533 639 pedicis
562 591 665 629 dolus
692 593 757 629 aut
783 590 937 629 maculis
966 590 1051 640 (l):

295 643 410 681 Inlita
437 644 578 692 glutine
607 644 759 682 corticeo

293 696 441 734 Vimina
468 696 707 744 plumigeram
737 696 864 734 seriem

292 749 516 797 Impediunt,
547 752 583 787 et
609 750 707 787 abire
737 751 874 786 vetant.
1212 752 1260 787 45

345 802 436 840 Ecce
463 813 527 850 per
553 813 710 850 aequora
737 802 953 850 fluctivagos

290 855 403 892 Texta
429 867 558 903 greges
585 856 734 893 sinuosa
760 855 939 892 trahunt:

293 908 409 946 Piscis
437 908 522 946 item
551 908 713 956 sequitur
740 907 936 955 calamum,

292 962 433 1008 Raptus
461 961 626 999 acumine
655 960 842 1007 vulnifico,

291 1014 445 1053 Credula
472 1014 617 1052 saucius
645 1025 707 1051 ora
734 1013 828 1051 cibo.
1212 1015 1260 1050 00

343 1067 480 1105 Fundit
506 1078 590 1114 opes
617 1078 706 1115 ager
733 1067 929 1114 ingenuas,

290 1120 401 1158 Dives
428 1119 630 1157 aristiferae
658 1119 816 1167 segetis,

290 1173 375 1218 Hic,
406 1173 468 1210 ubi
496 1173 592 1210 vitea
618 1172 811 1220 pampineo

288 1226 445 1263 Brachia
471 1225 620 1273 palmite
646 1225 836 1263 luxuriant
863 1224 940 1274 (2),

290 1279 396 1317 Pacis
424 1278 574 1316 alumna
601 1278 664 1316 ubi
690 1279 803 1316 bacca
829 1277 922 1315 viret
951 1278 1024 1326 (3).
1209 1280 1257 1315 55

343 1332 444 1370 Haec
471 1331 657 1379 opulentia
685 1330 911 1369 Christicolis

288 1385 419 1430 Servit,
449 1386 485 1422 et
515 1384 638 1422 omnia
665 1384 892 1431 subpeditat:

289 1437 399 1476 Absit
425 1437 522 1475 enim
550 1437 674 1485 procul
700 1437 766 1474 illa
793 1436 923 1482 sames,

289 1491 468 1529 Caedibus
496 1492 537 1528 ut
563 1490 741 1538 pecudum
769 1489 881 1527 libeat

287 1543 517 1592 Sanguineas
543 1543 701 1581 lacerare
729 1543 840 1591 dapes
870 1542 944 1592 (4).
1206 1544 1255 1580 60

193 1667 238 1705 (1)
262 1666 413 1700 maculis,
436 1666 549 1696 retium
572 1665 795 1700 foraminibus,
820 1666 876 1695 aut
897 1665 996 1703 plagis
1019 1674 1093 1701 quus
1116 1665 1187 1694 Itali
1211 1666 1254 1694 di-

128 1709 234 1738 cerent
248 1708 379 1745 maqlie.
396 1707 487 1737 Ovm.
505 1706 640 1736 Her-oid.
658 1707 695 1743 V,
714 1707 768 1737 19:
786 1707 882 1736 Retia
896 1716 988 1745 saepe
1002 1717 1102 1736 comes
1117 1708 1255 1737 maculis

129 1750 285 1779 distincta
308 1748 438 1778 tetendi.

192 1790 238 1828 (2)
260 1791 407 1820 brachia.
432 1789 544 1818 Ramos
566 1788 698 1818 minores
722 1797 738 1818 e
759 1789 926 1819 maioribus
954 1791 1155 1825 erumpentes.

192 1832 237 1870 (3)
261 1831 366 1861 bacca.
380 1831 510 1860 Fructus
529 1829 624 1865 olene,
639 1838 716 1866 qtae
728 1831 812 1867 pacis
835 1834 883 1861 est
895 1829 1082 1873 σύμβολον,
1103 1830 1254 1859 scribitur

127 1879 224 1909 eliam
237 1879 338 1916 baca;
353 1878 404 1907 sed
418 1878 513 1906 bacca
537 1878 656 1914 optima
677 1878 830 1914 scriptura
849 1878 907 1906 est.
923 1893 964 1898 —
982 1878 1076 1914 pacis
1101 1877 1251 1907 alumna.

128 1920 221 1950 Tne.
236 1919 305 1955 VH.
319 1920 447 1957 Philip.
462 1920 496 1948 3:
511 1920 578 1955 Ecso
592 1920 812 1956 itaquacis,
825 1921 862 1947 ut
876 1919 923 1947 ita
937 1918 1056 1952 dicam,
1069 1918 1238 1948 alumnus.

193 1961 237 1998 (4)
261 1961 504 1998 Sanym‘neas...
526 1960 589 1988 Non
604 1960 861 1996 Pythagoreorum
873 1961 928 1988 aut
942 1959 1186 1988 Manichaeorum
1203 1960 1252 1989 do-

128 2002 239 2032 ctrinis
250 2001 360 2031 imbuti
375 2002 512 2031 carnium
526 2010 607 2029 esum
621 2001 742 2030 omniuo
754 2000 956 2038 prohibebant
971 2001 1152 2029 vetustiore-7
1167 2000 1252 2031 Chri-

127 2043 295 2078 sunniam
307 2042 437 2077 asuilla.
447 2043 572 2078 agnina,
586 2042 695 2071 bubula
707 2042 930 2079 temperabant,
943 2050 978 2071 ne
990 2041 1078 2077 gulae
1090 2041 1254 2079 impensius

131 2084 327 2115 inservirent.
351 2083 388 2115 V.
411 2084 442 2114 S.
466 2084 603 2113 Avcvsr.
628 2084 675 2113 De
696 2084 840 2114 moribus
861 2083 948 2113 Eccl.
971 2083 1064 2113 Cath.
1086 2083 1114 2119 1,
1135 2082 1173 2119 V,
1200 2083 1251 2114 33.
