1450 2537
114 118 163 156 92
495 127 645 155 AVRELH
672 127 873 155 PRVDEN'rn

326 242 462 279 Contra
488 241 572 279 ille:
607 255 629 277 «
659 241 753 286 Quid
780 241 967 288 frendens,
999 242 1066 289 ait,
1163 242 1238 281 185

273 294 486 332 Minitaris?
514 296 579 332 aut
607 294 693 341 quid
723 294 917 341 displicet?

272 349 372 384 Num
400 348 546 385 sordida
573 348 676 392 haec,
708 349 773 384 aut
799 347 916 384 vilia?

272 401 372 437 Num
400 400 608 447 despuenda
635 400 851 437 existimas?

325 455 480 499 Aurum,
512 453 608 501 quod
636 453 804 490 ardenter
831 453 928 499 sitis,

273 507 417 544 Effossa
444 506 606 554 gignunt
632 506 785 552 rudera,
1165 507 1240 546 190

272 560 320 596 Et
348 559 389 596 de
418 559 577 597 metallis
604 559 784 606 squalidis

273 612 444 650 Poenalis
474 613 532 660 (1)
562 612 707 650 excudit
733 613 858 657 labor3

324 666 478 702 Torrens
505 665 562 702 vel
591 665 711 702 amnis
736 665 895 704 turbidis

272 718 432 765 volvens
461 718 583 755 arenis
613 718 800 765 implicat,

231 771 372 817 :Quod
399 771 637 809 terrulentum
665 783 707 808 ac
735 772 934 819 sordidum,
1166 773 1240 811 195

272 824 445 861 Flammis
474 836 618 862 necesse
646 826 701 862 est
729 825 891 872 decoqui.

324 878 446 915 Pudor
473 889 536 924 per
563 889 693 915 aurum
721 878 874 916 solvitur
903 878 978 928 (2),

271 930 439 967 Violatur
467 942 555 968 auro
582 930 790 978 integritas,

273 984 350 1020 Pax
378 983 521 1029 occidit,
552 983 642 1021 fides
669 985 776 1031 perit,

270 1037 386 1084 Leges
414 1038 450 1074 et
477 1037 576 1084 ipsae
604 1036 840 1075 intercidunt.
1165 1041 1241 1078 200

322 1090 417 1135 Quid
443 1092 483 1127 tu
511 1101 690 1127 venenum
718 1091 856 1138 gloriae

273 1143 442 1187 Extoffls,
474 1144 510 1179 et
536 1144 664 1190 magni
692 1146 828 1190 putas?

271 1195 308 1232 Si
335 1196 479 1243 quaeris
507 1207 636 1233 aurum
664 1197 807 1243 verius,

271 1249 350 1285 Lux
377 1251 445 1294 est,
476 1251 512 1286 et
538 1250 740 1287 humanum
767 1262 884 1297 genus
915 1251 988 1300 (3).

324 1301 376 1338 Hi
404 1304 491 1339 sunt
518 1302 657 1340 alumni
687 1302 746 1351 (4)
775 1304 941 1351 luminis,

271 1355 367 1400 Quos
394 1366 523 1402 corpus
550 1357 668 1393 arctat
696 1356 826 1403 debile,

271 1408 328 1444 Ne
355 1419 419 1455 per
446 1409 601 1445 salutem
628 1409 807 1447 viscerum

272 1462 378 1498 Mens
406 1461 604 1499 insolescat
629 1463 792 1510 turgida.

1161 1307 1183 1342 [Ο

1188 1308 1210 1343 0

1216 1308 1237 1342 U(

175 1585 218 1620 (1)
241 1583 398 1620 poenalis.
433 1583 479 1613 Ad
510 1592 637 1622 poenam
665 1587 829 1623 spectans,
854 1595 980 1623 poenam
1009 1589 1183 1621 continens:
1209 1596 1241 1619 et

115 1625 226 1654 ,licitur
250 1626 285 1654 de
308 1625 433 1655 molesto
455 1627 602 1662 gravique
625 1626 738 1663 labore,
762 1629 826 1663 qui,
851 1630 1008 1664 tamquam
1032 1639 1144 1666 poena,
1169 1631 1240 1661 aliis

112 1667 296 1702 iniungitur.
321 1667 429 1696 Vocem
463 1667 578 1697 videbis
612 1668 643 1696 in
666 1669 776 1698 Pumo
800 1670 924 1699 MAiom:
949 1670 1084 1708 (XVIII,
1107 1672 1150 1708 11,
1173 1672 1238 1710 29),

111 1708 191 1745 apud
212 1708 445 1738 Iurisconsultos
460 1709 675 1745 Modestfflum,
700 1710 866 1747 Ulpianum
882 1714 915 1741 et
937 1711 1058 1749 Caium,
1082 1720 1175 1749 quare
1196 1713 1238 1743 la·
1291 1731 1293 1733 ·

112 1750 300 1779 tinissimam
325 1750 463 1779 habebis.

173 1796 218 1834 (2)
241 1797 354 1826 Pudor
370 1807 432 1834 per
460 1806 582 1827 aurum
614 1798 762 1828 solvitur.
798 1799 919 1829 Peritus
952 1802 1110 1830 enarrator
1143 1801 1238 1831 Hora—

111 1837 150 1866 tii
184 1838 215 1866 in
237 1839 412 1867 memoriam
437 1839 726 1869 adolescentulorum
754 1842 911 1870 revocabit
932 1842 1081 1879 Lyricor.
1105 1843 1163 1879 111,
1188 1844 1238 1880 16,

113 1880 146 1911 S:
171 1881 203 1908 et
225 1879 380 1908 PROPERT.
404 1880 461 1915 ΙΙΙ,
489 1881 578 1911 1349.

176 1926 219 1962 (3)
245 1926 319 1954 Lux
339 1929 433 1955 estet
461 1927 643 1956 humanum
663 1937 778 1965 genus.
811 1928 842 1958 Si
871 1930 992 1965 quaeris
1020 1938 1141 1967 aurum,
1172 1930 1239 1961 eius

112 1966 227 2002 fulgore
251 1967 380 2001 illectuS‚
405 1968 483 1997 scito
504 1970 536 1997 et
558 1977 651 2004 genus
674 1969 839 1999 humanum
861 1970 1083 2009 splendescere,
1105 1972 1186 2009 quod
1205 1972 1238 2003 in

113 2007 285 2037 hominibus
309 2009 408 2045 imago
431 2009 485 2038 Dei
508 2009 604 2047 ipsius
625 2010 780 2046 effulgeat.

175 2056 218 2093 (4)
242 2056 383 2093 alumni,
397 2057 448 2093 qui
461 2057 602 2093 aluntur:
615 2057 683 2088 scil.
696 2058 877 2097 participes.
888 2059 923 2090 In
935 2057 1050 2100 Αποθ.
1064 2059 1124 2091 492
1138 2063 1240 2091 noster
