1450 2537
203 168 316 197 xxvm
427 172 470 198 1>ss
501 171 702 197 vltvnssx‘rlo
732 168 882 203 EIVSQVE
911 169 1084 198 OPERIBVS

200 309 366 350 quorum
407 296 530 337 libros
570 309 663 349 prae
702 295 887 339 manibus
927 295 1133 337 habemus.
1181 296 1323 351 Atqui,

201 367 390 420 quotidie,
431 367 526 407 bone
568 367 697 407 Deus!
731 365 883 418 lapides
923 365 1095 407 litterati
1134 378 1154 407 e
1195 368 1322 409 terrae

200 437 415 479 visceribus
454 439 681 490 egeruntur,
715 436 752 476 in
785 435 929 489 quibus
961 435 1152 477 vocabula
1181 435 1324 478 dictio-

199 521 342 561 nesque
373 508 594 561 insculptae
634 507 824 560 leguntur
869 506 1051 560 patribus
1082 506 1224 549 nostris
1263 507 1324 548 in-

199 585 318 626 visae.
365 584 566 633 Ceterum,
614 596 659 625 no
705 583 871 636 longum
914 583 1073 634 faciam,
1113 582 1323 637 graphicos

198 655 420 696 istiusmodi
450 654 700 696 Aristarchos
732 654 870 694 mirari
902 653 1024 703 subit,
1057 654 1127 708 qui
1165 666 1322 696 omnem

196 726 410 766 sanitatem
441 724 592 766 romani
623 724 769 778 eloquii
800 724 906 765 intra
945 724 1144 765 circulum
1173 723 1322 766 saeculi

196 796 396 849 Augustei
417 795 658 845 devinciunt,
690 807 814 848 neque
836 794 990 848 aliquid
1011 794 1134 836 latine
1155 795 1322 846 dictum,

196 868 397 920 eleganter
436 865 634 919 scriptum
678 865 904 915 clamitant,
952 864 1055 918 quod
1096 865 1135 906 in
1179 864 1320 917 Tullii,

196 937 354 979 Horatii
387 936 629 990 Virgiliique
660 935 819 989 scriptis
858 948 932 977 non
964 935 1018 977 sit
1057 935 1320 990 expiscatum.

195 1008 368 1058 Etenim,
401 1007 551 1048 Mureti
590 1006 709 1048 verba
741 1007 824 1060 ipsa
856 1006 920 1048 hio
957 1009 1137 1060 praestat
1176 1006 1321 1048 exscri-

195 1079 304 1121 bere:
331 1092 353 1117 «
376 1077 570 1119 Ciceronis
590 1077 830 1130 scriptorum
852 1077 917 1118 vix
939 1077 1133 1119 decimam
1163 1079 1320 1132 partem

192 1149 391 1203 reliquam
414 1148 622 1199 habemus,
645 1160 813 1202 eamque
836 1147 978 1190 multis
1000 1148 1188 1202 partibus
1207 1161 1321 1190 mau-

193 1233 282 1261 cam
313 1233 358 1261 ac
380 1220 585 1271 mutilam,
617 1219 761 1261 multis
783 1219 1027 1271 vulneribus,
1051 1219 1196 1262 multis
1216 1220 1320 1262 cica-

194 1291 359 1332 tricibus
375 1291 638 1332 deformatam
653 1289 715 1345 (1)
729 1305 767 1332 ».
787 1290 894 1343 Quid
911 1290 1043 1332 dicam
1061 1290 1319 1340 Sallustium,

192 1362 306 1403 cuius
338 1362 403 1403 vix
438 1362 699 1403 centesimam
739 1363 897 1415 partem
938 1361 1163 1404 habemus?
1211 1361 1320 1415 Quid

192 1432 394 1484 Catonem,
427 1446 446 1474 e
497 1433 610 1474 cuius
662 1432 804 1474 multis
856 1432 1131 1475 voluminibus
1191 1445 1318 1474 unum

195 1517 217 1541 ‹<
250 1504 297 1544 de
328 1503 389 1545 Re
439 1503 609 1545 Rustica
657 1518 679 1544 »
727 1504 1100 1545 commentariolum
1139 1505 1320 1558 superest

192 1574 241 1615 ad
287 1574 449 1616 filium?
497 1574 604 1627 Quid
650 1574 883 1625 Varronem,
915 1574 985 1628 qui
1017 1574 1120 1616 inter
1153 1573 1318 1616 Latinos

192 1647 499 1698 πολυγλώτατος
521 1645 628 1687 fuit?
647 1645 762 1687 cuius
784 1644 885 1687 item
902 1644 949 1686 de
970 1658 992 1683 «
1011 1645 1073 1687 Re
1095 1644 1318 1694 Rustica»,

191 1717 428 1770 opusculum
451 1750 460 1766 ,
521 1718 562 1757 et
617 1716 822 1770 quaedam
882 1715 1111 1769 fragmenta
1173 1728 1197 1754 «
1256 1715 1318 1757 De

192 1788 347 1840 Lingua
380 1787 524 1828 Latina
557 1802 578 1827 »
612 1786 715 1828 inter
736 1788 935 1828 sexcentos
966 1785 1088 1828 libros
1118 1786 1166 1828 de
1195 1785 1318 1828 variis

190 1858 306 1899 rebus
337 1858 558 1911 deperditos
594 1857 659 1898 vix
698 1857 795 1899 licet
835 1857 965 1899 adhuc
1007 1857 1135 1899 oculis
1172 1855 1317 1898 nostris

190 1928 411 1970 subiicere?
454 1928 562 1981 Quot
601 1930 786 1979 oratores,
831 1930 981 1982 poetas,
1025 1927 1234 1969 historicos
1275 1929 1317 1968 et

131 2009 133 2012 ·
190 1999 287 2040 iuris
326 1999 525 2040 consultos
556 1998 664 2039 nobis
695 2000 857 2052 tempus
888 1997 1061 2040 invidit?
1093 1997 1232 2039 Nihilo
1253 1998 1317 2038 ta-

237 2085 288 2131 (1)
315 2085 350 2121 v.
387 2086 471 2136 reu-2
499 2086 596 2122 [σοι.
625 2085 684 2130 ΧΥ,
716 2088 743 2122 1.
