1450 2537
239 163 313 202 146
622 176 769 202 AVRELII
799 175 995 202 PRVDEN'I'II

554 289 631 325 Aut
659 288 728 325 sub
756 287 915 334 fragosis
943 287 1098 335 rupibus
1289 292 1366 328 445

499 342 623 379 Scabri
653 343 836 387 petrarum
865 341 1020 379 murices
1049 342 1110 392 (1)

500 395 603 431 Inter
632 405 795 430 recessus
823 405 994 440 scrupeos

500 447 665 484 Discissa
694 448 863 493 rumpent
892 447 1045 485 viscera.

553 505 688 552 Ecquis
716 505 891 552 virorum⁷
924 507 1068 544 strenue

499 558 675 595 Cumbam
703 558 841 605 peritus
870 559 1015 605 pellere,
1049 559 1109 609 (2)
1289 562 1366 599 450

499 612 626 657 Remo,
657 612 823 657 rudente,
855 614 890 649 et
918 613 1086 659 carbaso,

498 666 625 702 Secare
653 665 715 712 qui
743 666 895 711 pontum
924 677 1050 712 queas,

552 723 692 771 Rapias
719 724 876 771 palustri
904 736 922 761 e
950 725 1085 772 cespite

498 777 652 824 Corpus,
684 778 780 824 quod
808 777 988 815 intactum
1017 778 1134 824 iacet·,

495 830 654 878 Levique
683 832 827 868 vectum
854 831 1013 868 lembulo
1284 834 1360 869 455

497 883 673 930 Amplum
701 895 765 930 per
793 895 927 931 aequor
956 884 1116 922 auferas.

549 942 618 979 Sed
645 942 900 989 complicatum
930 943 1096 989 sparteus
1118 944 1176 992 (3)

499 994 655 1032 Claudat
683 996 837 1033 cadaver
865 995 1019 1042 culleus,

497 1049 608 1094 Quem
637 1048 724 1086 fune
753 1059 937 1086 connexus
964 1048 1061 1095 lapis

498 1102 676 1149 Praeceps
703 1101 743 1139 in
771 1102 886 1139 altum
916 1102 1108 1149 deprimat.
1287 1104 1363 1141 460

551 1161 604 1197 At
629 1162 671 1198 tu
699 1172 762 1207 per
790 1161 909 1198 undas
938 1161 1085 1208 emices,

500 1214 659 1251 Rorante
687 1225 839 1260 praepes
866 1214 1045 1261 palmula,

499 1268 621 1304 Donec
649 1267 815 1304 relictum
843 1267 987 1315 longior

498 1320 712 1358 Abscondat
739 1320 933 1367 adspectus
963 1320 1094 1358 solum.
1127 1335 1148 1353 »
1181 1342 1231 1347 —-

549 1379 651 1416 Haec
680 1379 781 1416 iussa
810 1379 958 1425 quidam
988 1379 1162 1424 militum,
1284 1381 1361 1417 465

498 1432 737 1480 (Eumorphio
766 1443 897 1469 nomen
926 1431 1015 1481 fuit)

494 1485 701 1529 Violentus,
733 1485 868 1530 audax,
898 1485 1093 1531 barbarus,

494 1539 628 1576 Furore
657 1538 802 1576 fervens
831 1538 975 1585 arripit.

292 1663 336 1700 (1)
361 1664 510 1693 nutrices.
534 1662 651 1692 Trausl.
682 1671 790 1699 aspera
818 1670 894 1691 saxa.
925 1663 957 1692 et
985 1663 1163 1700 praeacuta.
1199 1663 1236 1694 V.
1270 1662 1362 1694 Vme-

232 1706 308 1734 Αωι.
334 1705 369 1739 V,
394 1705 483 1738 205.;
508 1704 569 1734 SIL.
593 1705 680 1733 ITAL.
704 1703 803 1738 XVII,
827 1704 900 1734 277.

293 1758 335 1795 (2¹)
361 1758 527 1788 Cmnbam.
551 1757 665 1787 Cumba
693 1758 740 1786 est
767 1765 838 1794 pars
863 1757 952 1786 navis
974 1757 1038 1786 ima
1052 1780 1060 1792 ‚
1084 1757 1132 1786 ita
1153 1757 1238 1787 dicta
1253 1780 1261 1793 ‚
1285 1756 1363 1794 quod

230 1799 319 1834 aquis
341 1799 515 1828 incumbat:
539 1799 609 1828 inde
637 1798 724 1827 navis
746 1798 887 1836 parvula,
910 1798 960 1827 cui
983 1798 1080 1827 lembo
1102 1798 1135 1828 et
1159 1807 1214 1836 per
1237 1798 1360 1836 syuecd.

228 1840 347 1869 scalmo
361 1849 469 1870 nomen
492 1840 612 1870 damus.
630 1839 750 1870 Cumba
774 1841 876 1869 autem
893 1848 947 1876 pro
965 1840 1086 1877 cymba,
1102 1841 1226 1869 mutata
1245 1849 1268 1877 y
1291 1840 1323 1868 in
1339 1849 1362 1868 u

229 1890 266 1910 ex
288 1883 436 1917 veterum,
467 1890 561 1918 eoque
591 1881 689 1910 latino
712 1889 806 1910 more.
831 1881 884 1917 qui
905 1880 1054 1916 lacruma,
1077 1880 1248 1916 cumatilis,
1277 1880 1363 1911 Sulla

228 1923 395 1952 seriberent
416 1932 470 1960 pro
492 1923 638 1960 lacryma,
663 1922 830 1960 cymatilis,
855 1923 915 1952 etc.
940 1921 1001 1953 cfr.
1025 1922 1156 1951 M'nerv.
1180 1921 1301 1952 Sanetii
1323 1922 1359 1952 L.

228 1964 280 1999 IV,
304 1973 330 1994 c.
357 1965 405 1993 16.

291 2016 334 2054 (3)
357 2020 548 2055 sparteus...
573 2017 707 2047 culleus.
731 2017 790 2046 Vas
813 2026 851 2046 ex
872 2017 961 2046 iunco
993 2017 1158 2053 spartoque
1184 2017 1361 2045 contextum

229 2058 266 2128 ἰὰ
283 2059 409 2130 §glum
433 2059 533 2094 cullei,
557 2067 645 2097 quern
667 2059 770 2091 noster
792 2059 887 2090 etiam
909 2057 1010 2090 funale
1025 2058 1146 2089 textum
1162 2059 1251 2089 vocat
1266 2056 1360 2094 infra,
