1502 2537
337 163 446 199 [ll-:Pi
474 163 735 200 ΣΊΈΦΑΝΩΝ
765 171 916 200 nnmvs
945 173 966 200 x
1148 163 1222 200 189

256 285 310 323 Ex
338 286 398 323 his
426 296 602 324 amoenus
629 285 761 324 hostiis
788 286 909 333 surgit
937 297 1062 333 vapor,

203 337 365 382 vincens
391 339 534 376 odorem
565 338 734 384 balsami,
765 339 872 383 turis,
903 340 1011 383 croci,

203 393 325 430 Aums
353 392 540 429 madentes
572 392 796 430 Persicorum
824 395 1049 430 aroinatniuz

203 444 376 482 Sublatus
404 445 488 482 inde
517 445 657 483 caelum
685 445 847 493 adusque
875 445 1031 491 tollitur,

203 498 252 535 Et
278 500 528 545 prosperatum
558 498 661 536 dulce
690 497 847 535 delectat
875 499 1004 535 Deum.
1147 500 1222 534 illi-3

257 568 365 606 Hanc
393 568 624 616 disciplinam
652 568 819 617 quisquis
847 568 1012 606 infensus
1040 570 1153 614 vetut,

204 621 314 659 Vetat
340 622 532 669 probatum
562 621 621 670 (1)
651 622 785 667 vivere,
816 622 852 658 et
879 624 1047 659 sanctum
1076 622 1201 669 sequi:

203 674 315 711 Vetat
341 674 502 722 vigorem
530 674 662 711 mentis
689 674 762 711 alte
791 674 992 719 intendere,

203 727 401 775 Nostrique
429 738 582 765 acumen
611 727 710 775 ignis
739 727 797 774 (2)
827 727 874 764 ad
901 730 1035 764 terram
1064 729 1184 766 vocat.

202 780 281 818 Nec
308 780 459 818 excitari
486 780 560 817 vim
588 780 678 818 sinit
704 780 930 827 prudentiae.
1146 781 1222 818 370

256 851 287 889 Ο
316 862 434 888 mersa
459 850 547 888 limo
573 850 730 888 coecitas
757 850 972 898 gentilium!

203 904 235 942 Ο
261 904 478 942 carnulenta
506 904 565 951 (3)
595 903 787 941 nationum
814 905 980 950 pectora!

203 957 234 995 O
262 957 405 1004 spissus
431 959 551 994 error!
583 967 604 994 o
631 957 862 994 tenebrosum
890 959 1032 1004 genus!

202 1010 323 1048 Terris
349 1009 523 1056 amicum,
553 1009 717 1047 deditum
743 1009 929 1055 cadaveri,

202 1062 372 1101 Subiecta
399 1074 540 1110 semper
566 1062 729 1108 intuens,
752 1073 952 1110 numquam
979 1066 1113 1110 supra!
1147 1063 1221 1100 375

254 1134 416 1172 Fui-orne
443 1144 622 1179 summus,
652 1132 786 1170 ultima
812 1134 849 1170 et
875 1133 1058 1170 dementia
1086 1137 1156 1178 est,

174 1203 182 1210 ·
201 1187 299 1224 Deos
325 1187 471 1234 putare,
502 1186 566 1234 qui
592 1187 764 1224 creantur
791 1186 959 1233 nuptiis?

201 1240 293 1278 Rem
319 1239 522 1287 spiritalem
549 1239 746 1276 terrulente
775 1250 956 1286 quaerere,

200 1292 391 1332 Elementa
416 1292 545 1330 mundi
570 1303 780 1330 consecrare
807 1291 1008 1335 altaribus3

200 1346 262 1391 Id,
283 1345 380 1394 quod
406 1346 569 1383 creatum
587 1346 658 1391 est,
679 1345 900 1382 conditorem
929 1345 1098 1382 credere?
1145 1346 1221 1382 380

253 1415 448 1453 Deasciato
477 1414 535 1463 (4)
565 1414 769 1462 supplicare
797 1414 929 1461 stipiti.r

199 1468 326 1507 Verris
353 1479 477 1506 cruore
505 1468 643 1515 scripta
670 1478 760 1505 saxa
788 1478 972 1515 spargere,

200 1523 298 1561 Aras
325 1520 445 1559 ofellis
472 1521 659 1559 obsecrare
688 1519 853 1566 bubulis;

158 1679 206 1718 (1)
225 1679 412 1718 probatum,
435 1678 603 1709 adverbial.
628 1678 736 1716 probe,
761 1678 858 1712 metm
886 1678 919 1706 et
940 1677 1062 1707 videtur
1090 1678 1222 1707 Pruden-

96 1728 229 1758 tianum.

159 1783 210 1825 (2)
233 1794 369 1815 acumem
389 1785 490 1823 t‘ym'e,
513 1784 626 1814 mentis
647 1783 743 1819 acies,
766 1791 856 1820 quae,
885 1783 920 1811 ut
950 1782 1043 1818 ignis,
1066 1784 1099 1812 in
1125 1784 1221 1814 altum

95 1832 211 1863 tendit.

159 1891 210 1932 (3)
233 1891 441 1927 carnulenta,
462 1891 583 1929 proprie
605 1898 745 1926 carnosa,
769 1890 855 1920 carni
877 1890 1016 1925 simili83
1036 1890 1069 1920 et
1090 1898 1148 1920 vox
1171 1899 1218 1921 re-

94 1940 216 1978 peritur
237 1940 270 1969 in
291 1938 385 1970 Solin.
412 1939 456 1968 ll.
477 1938 587 1968 Noster
608 1937 732 1973 transl..
756 1938 803 1967 uti
827 1937 908 1968 infra
930 1937 1124 1970 terrulenta,

158 1997 206 2036 (4)
227 1998 399 2033 deasciato,
423 1998 508 2028 ascia
535 1997 643 2034 polito,
672 1996 786 2026 dolato.
820 1996 1007 2026 Prudentius
1037 2005 1054 2026 e
1086 1996 1222 2034 plautino

95 2045 259 2076 amdan·
279 2045 444 2075 derivavit.
469 2060 508 2066 —-
529 2044 652 2082 scripta
673 2052 770 2079 saxa,
792 2045 866 2074 sunt
885 2051 963 2074 saxa
985 2043 1146 2080 litterata,
1168 2043 1219 2074 dec

98 2091 193 2124 alicui
212 2092 375 2130 inscripta.
