1450 2537
212 123 287 165 200
587 137 735 165 AvaELn
764 137 961 166 PRVDENTH

315 252 497 298 Expressa
525 253 642 299 signis
672 252 746 301 (1),
777 253 944 300 expedita
970 254 1026 291 est
1052 253 1208 293 litteris:

314 305 505 342 Adventus
533 306 611 343 eius
640 306 738 342 mille
766 317 828 353 per
856 306 1032 343 miracula

314 358 598 396 Praenuntiatus
627 369 685 396 ore
714 361 839 396 vatum
866 370 1037 397 consono.

365 424 496 470 Reges,
528 423 736 470 prophetae,
768 423 919 469 iudices,
950 426 986 461 et
1011 424 1194 472 principes

312 475 469 521 Virtute,
501 476 621 521 bellis,
652 476 824 523 cultibus,
856 476 984 523 sacris,
1016 478 1115 523 stilo,

312 529 397 565 Non
426 529 644 566 destiterunt
672 529 824 566 formam
852 530 1003 577 pingere
1031 531 1166 569 crucis:

312 582 406 618 Crux
434 583 664 628 praenotata,
696 593 783 619 crux
812 583 1029 620 adumbrata
1056 585 1112 621 est
1139 584 1240 631 prius

311 634 460 671 Crucem
488 637 632 672 vetusta
661 635 910 673 combiberunt
937 636 1096 674 saecula.
1249 638 1327 677 630

361 699 523 736 Tandem
550 699 694 737 retectis
723 700 871 737 vocibus
898 701 1132 748 propheticis,

309 753 439 789 Aetate
467 754 594 789 nostra
621 754 854 800 comprobata
881 754 1098 801 antiquitas,

309 806 437 843 Coram
464 805 608 843 refulsit
634 817 692 843 ore
720 807 957 853 conspicabili
986 807 1060 856 (2),

308 859 364 895 Ne
392 859 585 896 fluctuaret
611 859 746 897 veritas
775 860 885 897 dubia
913 860 997 905 fide,

307 911 344 948 Si
372 923 446 949 non
472 913 614 959 pateret
640 914 732 950 teste
759 913 842 950 visu
869 913 1085 951 comminus.
1249 916 1325 983 63s5

360 976 459 1014 Hinc
486 987 552 1014 nos
580 978 616 1014 et
643 977 762 1025 ipsum
790 989 864 1015 non
892 978 1006 1025 perire
1033 979 1212 1016 credimus

307 1030 458 1076 Corpus,
490 1030 654 1077 sepulcro
683 1031 779 1078 quod
806 1031 1005 1068 vorandum
1034 1032 1216 1069 traditur:

306 1083 399 1128 Quia
427 1083 594 1120 Christus
622 1083 661 1120 in
690 1095 727 1121 se
756 1086 939 1121 mortuum
967 1095 1098 1131 corpus
1127 1086 1233 1123 Cruci

305 1137 431 1173 Secum
459 1136 656 1173 excitatum
683 1137 783 1174 vexit
809 1138 856 1174 ad
884 1137 1014 1175 solium
1043 1138 1181 1184 Patris,

305 1190 483 1236 Viamque
511 1189 653 1227 cunctis
681 1190 728 1227 ad
755 1191 1018 1238 resurgendum
1047 1191 1159 1228 dedit.
1248 1192 1324 1229 640

359 1255 453 1292 Crux
468 1255 532 1292 illa
543 1257 669 1292 nostra
679 1257 734 1292 est
749 1255 823 1304 (3),
836 1267 904 1293 nos
914 1255 1120 1303 patibulum
1134 1257 1324 1294 adscendi-

305 1308 421 1346 Nobis
447 1310 655 1355 peremptus
684 1309 865 1354 Christus,
887 1311 923 1345 et
942 1308 1046 1346 nobis
1067 1310 1178 1354 Deus,
1202 1307 1320 1359 [mus3

305 1361 472 1398 Christus
499 1373 678 1407 reversus,
700 1361 776 1409 ipse
797 1361 859 1409 qui
877 1361 1035 1399 moriens
1063 1362 1169 1399 homo
1192 1364 1267 1399 est:

304 1414 450 1452 Natura
477 1414 624 1461 duplex,
654 1415 807 1452 moritur
837 1414 895 1464 (4)
926 1416 963 1452 et
987 1416 1138 1452 mortem
1165 1414 1303 1460 domat,

303 1467 482 1516 Redjtque
509 1467 549 1505 in
575 1467 670 1505 illud
696 1468 793 1516 quod
818 1468 933 1515 perire
957 1468 1110 1505 nesciat.
1247 1469 1322 1506 645

260 1607 310 1647 (1)
333 1618 413 1646 eoep»
414 1618 483 1638 essa
504 1609 619 1646 siquis.
644 1609 727 1638 Iesus
750 1609 890 1639 Christus
920 1609 966 1639 vel
1001 1609 1039 1638 ab
1072 1608 1182 1638 ultima
1203 1609 1323 1645 generis

200 1649 322 1679 humani
344 1650 460 1686 origine
484 1651 671 1687 praesignifi
669 1652 748 1680 -atus
770 1653 828 1681 est.
855 1650 935 1680 Hinc
950 1651 994 1680 ad
1011 1651 1158 1681 Corinth.
1175 1650 1205 1681 S.
1224 1651 1320 1681 Pan.

201 1691 222 1723 [
247 1690 286 1725 X,
311 1691 357 1720 11:
383 1702 399 1718 ‹<
422 1693 526 1720 omnia
548 1692 579 1720 in
601 1692 698 1727 figura
721 1692 940 1728 contingebant
972 1692 1088 1723 illis.»
1111 1708 1150 1713 —
1171 1692 1323 1730 expedita

200 1732 298 1760 litter
288 1741 327 1767 ιε,
351 1733 382 1761 in
398 1741 483 1762 sacro
500 1733 619 1762 Veteris
633 1734 823 1763 Testamenti
851 1733 1009 1763 Volumine
1035 1734 1098 1763 iam
1113 1732 1217 1763 fueiat
1240 1733 1322 1763 Crux

199 1774 428 1810 praenuntiata.

259 1827 300 1864 (2)
323 1836 375 1856 ore
399 1828 617 1866 conspicabili.
643 1828 809 1866 Assumpta
842 1827 976 1858 humana
1007 1829 1132 1865 natura,
1155 1836 1187 1857 se
1207 1828 1320 1857 morta-

200 1867 273 1896 libus
295 1868 458 1898 videndum
479 1870 633 1906 praebuit.

257 1920 299 1958 (3)
324 1921 415 1950 Crux
438 1922 497 1951 illa
521 1925 632 1952 nostra
653 1925 708 1953 est.
734 1923 864 1952 Nostrae
887 1923 934 1952 est
955 1922 1066 1952 salutis
1087 1930 1208 1952 caussa.

257 1973 307 2013 (4)
330 1975 462 2004 Natura
477 1975 597 2013 duplex
612 1977 764 2011 moritur,
782 1976 919 2012 intellige
936 1975 1076 2005 Christus
1091 1975 1169 2005 Deus
1184 1977 1216 2004 et
1230 1975 1318 2005 homo

198 2014 444 2060 θεάνθρωπος5
468 2025 527 2046 11011
550 2019 584 2046 ut
606 2017 683 2047 Deus
705 2019 809 2047 tamen
840 2021 888 2048 est
920 2026 1026 2055 passus
1040 2039 1048 2054 ,
1083 2019 1138 2046 aut
1165 2021 1306 2046 mortuus

199 2061 231 2091 V.
254 2061 437 2094 HAMARTIG.
460 2068 493 2093 et
515 2064 634 2096 Apom.
