1450 2537
204 155 279 192 204
583 164 732 191 Avunmi
760 163 956 191 PRVDENTE

361 298 411 304 -
441 290 463 311 «
493 277 586 313 Puto
615 274 810 320 imbecillo,
842 275 943 320 nate,
973 274 1134 312 turbaris
1162 278 1274 322 metu,

308 331 356 367 Et
383 333 417 367 to
447 328 580 366 doloris
609 328 734 366 horror
762 327 952 365 adflictum
979 327 1124 373 domat,

308 384 391 419 Nou
421 382 517 418 hanc
545 392 704 418 meorum
732 381 912 417 viscerum
940 380 1091 427 stirpem
1120 381 1194 418 fore

309 437 383 472 Deo
412 434 615 481 spopondi:
648 445 721 471 non
749 434 788 470 in
818 433 914 470 hanc
943 444 1042 480 spem
1071 433 1208 482 gloriae

307 489 355 526 Te
385 487 584 534 procreavi,
616 486 738 523 cedere
767 487 809 523 ut
834 486 906 523 leto
935 486 1046 524 scias.
1255 487 1327 524 725

361 542 506 587 Aquam
535 539 729 576 bibendam
757 539 935 585 postulas,
967 550 1078 586 quum
1107 539 1156 576 sit
1182 539 1251 577 tibi

309 594 405 630 Fons
434 593 494 630 ille
523 592 628 629 vivus
655 594 815 638 praesto,
847 592 909 639 qui
939 603 1078 639 semper
1109 592 1203 638 fluit,

310 647 355 683 Et
383 648 514 683 cuncta
542 645 641 682 solus
670 644 810 692 inrigat
837 645 1014 690 viventia,

308 700 416 736 Intus
445 698 603 744 forisque
631 697 800 744 spiritum
827 699 863 734 et
889 708 1020 744 corpus
1048 698 1171 744 simul,

307 751 573 789 Aeternitatem
599 750 762 798 largiens
790 751 1014 797 potantibus.
1255 751 1329 788 730

360 804 495 842 Venies
523 803 570 840 ad
598 803 689 840 illud
716 814 799 840 mox
826 803 1016 849 fluentum,
1047 803 1079 841 si
1107 804 1211 841 modo

308 858 442 895 Animo
471 868 513 894 ac
540 855 710 893 medullis
739 857 838 894 solus
867 857 974 894 ardor
1002 859 1145 894 aestuet

308 911 439 948 Videre
468 909 674 947 Christum:
706 910 802 957 quod
829 909 938 947 semel
967 912 1093 956 potum
1121 909 1276 947 adfatim

308 964 365 1000 Sic
393 963 497 1000 sedat
524 973 667 1000 omnem
695 962 852 1009 pectoris
878 962 1114 1010 flagrantiam
1145 963 1220 1012 (1),

308 1017 396 1055 Vita
423 1018 465 1053 ut
492 1016 598 1053 beata
625 1015 700 1052 iam
728 1015 829 1053 sitire
856 1015 1009 1052 nesciat.
1255 1016 1328 1053 735

361 1069 447 1115 Hic,
465 1068 525 1106 hic
543 1068 738 1115 bibendus,
751 1070 851 1114 nate,
864 1080 962 1106 nunc
980 1068 1048 1105 tibi
1068 1070 1125 1106 est
1137 1069 1247 1114 calix,

308 1122 409 1159 Mille
436 1122 475 1158 in
503 1121 716 1159 Bethlehem
744 1133 851 1169 quem
878 1121 1048 1158 biberunt
1075 1122 1242 1168 parvuli:

309 1175 432 1213 Oblita
458 1174 582 1220 lactis,
613 1176 649 1211 et
675 1174 896 1221 papillarum
924 1175 1112 1211 immemor

307 1230 436 1273 Aetas,
467 1227 618 1273 amaris,
649 1238 733 1265 mox
760 1227 889 1265 deinde
920 1227 1088 1265 dulcibus

307 1281 455 1319 Refecta
483 1280 598 1328 poclis
621 1279 694 1329 (2),
727 1280 836 1317 mella
864 1280 996 1318 sumsit
1015 1280 1223 1327 sanguinis.
1254 1280 1328 1317 740

360 1334 575 1380 Exemplum
602 1334 650 1370 ad
677 1333 776 1370 istud
804 1333 932 1379 nitere,
956 1344 975 1370 ο
1004 1332 1108 1370 fortis
1136 1344 1238 1380 puer,

308 1388 491 1424 Generosa
518 1386 651 1434 proles,
683 1386 812 1424 matris
839 1388 874 1424 et
901 1386 1068 1433 potentia
1098 1385 1179 1435 (3):

308 1441 443 1478 Omnes
471 1451 623 1486 capaces
651 1451 729 1477 esse
757 1439 934 1476 virtutum
963 1440 1073 1476 Pater

306 1493 500 1530 Mandavit
526 1503 666 1530 annos:
697 1492 880 1530 neminem
907 1492 1047 1540 excepit
1074 1492 1169 1529 diem
1198 1491 1280 1542 (4),

306 1546 405 1593 Ipsis
432 1545 637 1593 triumphos
665 1545 832 1583 adnuens
862 1545 1063 1593 vagitibus.
1255 1545 1329 1583 745

264 1632 310 1671 (1)
334 1633 386 1662 Sic
406 1633 500 1662 sedat
521 1642 644 1662 omnem
662 1633 802 1672 pectoris
821 1633 1049 1670 flaqrantiam.
1075 1631 1137 1663 Csr.
1156 1631 1327 1662 Auamma.

201 1676 304 1712 Picry.
327 1674 414 1710 XXI,
438 1675 510 1703 init.

264 1717 308 1753 (2)
326 1716 443 1754 poclis,
467 1724 551 1753 sync.
576 1715 702 1753 poculis.
727 1715 763 1744 V.
789 1713 938 1758 Καθημ,
965 1715 1017 1751 VI,
1044 1715 1092 1745 16.

264 1779 302 1783 —
324 1763 421 1792 mella
452 1763 627 1800 sanguinis
631 1785 691 1793 .....
724 1762 922 1792 suavissimos
958 1762 1178 1791 tormentorum
1212 1760 1330 1792 fructus

202 1804 331 1841 carpsit.

265 1846 309 1881 (3)
331 1846 451 1873 matris
472 1847 501 1873 et
527 1845 677 1882 potentia⁴
701 1845 867 1874 Parentum
892 1844 936 1873 vis*
968 1844 997 1873 in
1031 1844 1103 1873 filiis
1134 1843 1328 1882 potissimum

203 1887 333 1923 primum
356 1887 469 1922 genitis
491 1886 600 1917 elucet.
626 1886 661 1916 V.
688 1887 795 1916 Genes.
821 1885 932 1921 XLLX,
956 1886 986 1916 3.
1010 1886 1045 1914 Iu
1068 1891 1199 1914 mentem
1222 1893 1328 1914 revoca

206 1928 291 1956 Ymc.
313 1929 393 1957 Aen.
417 1928 442 1961 Ι,
467 1928 538 1958 664.

266 1970 310 2005 (4)
326 1970 482 1997 neminem
494 1969 590 1999 diem.
606 1969 699 1998 Nemo
712 1969 742 2005 (a
759 1977 806 2003 ue,
821 1967 865 1997 vel
878 1976 950 2003 nou,
962 1971 994 1997 et
1006 1967 1106 2005 homo)
1119 1967 1156 1997 ad
1170 1975 1329 2004 personam

204 2018 320 2047 semper
342 2010 483 2044 refertur,
509 2018 604 2045 neque
637 2010 789 2047 plurative
813 2012 988 2047 usurpatur.
1012 2010 1134 2044 Noster,
1159 2017 1245 2038 usum
1269 2007 1328 2038 for-

204 2054 286 2080 tasse
306 2052 354 2080 sui
378 2052 523 2089 temporis
537 2053 695 2088 sequutus,
719 2051 759 2081 ad
780 2051 864 2080 diem
886 2050 1030 2088 adiungit
1050 2059 1104 2089 pro
1125 2059 1160 2081 eo
1182 2050 1261 2087 quod
1281 2053 1330 2080 aet

204 2092 348 2122 nullum.
