1502 2610
459 168 743 197 cA'ermmNON
772 169 921 196 RYMNVS
948 181 961 196 ι
1260 160 1280 197 7

370 284 521 330 Ferunt,
551 284 730 331 vagantes
758 282 954 320 daemonas

317 337 448 376 Laetos
475 336 634 374 tenebris
662 335 836 381 noctium,

317 390 423 429 Gallo
451 391 604 427 canente
631 388 819 427 exterritos

317 442 479 491 Sparsim
506 443 631 480 timere
659 443 695 479 et
721 441 858 479 cedere.
1233 442 1282 478 40

370 495 496 533 Invisa
526 507 611 533 uam
638 494 809 532 vicinitas

318 548 442 594 Lucis,
473 548 617 594 salutis,
647 548 824 592 numinis,

319 602 439 649 Rupto
466 601 695 639 tenebrarum
723 601 811 646 situ,

319 654 449 693 Noctis
477 654 585 703 fugat
611 653 802 692 satellites.

372 707 452 745 Hoc
479 719 557 745 esse
585 707 732 755 signum
760 705 914 754 praescii
1234 705 1284 741 45

319 760 467 798 Norunt
493 760 729 807 repromissae
759 759 835 806 spei
850 791 859 804 ,

319 813 399 858 Qua
425 823 506 859 nos,
537 813 675 860 soporis
702 812 821 857 liberi,

319 866 511 913 Speramus
538 866 735 903 adventum
764 865 845 902 Dei.

375 919 474 964 Quae
502 919 558 956 vis
585 918 634 956 sit
661 918 770 956 huius
798 917 898 955 alitis

319 971 486 1010 Salvator
512 971 672 1010 ostendit
699 972 820 1017 Petro,
1237 970 1286 1007 50

319 1025 387 1063 Ter
414 1027 498 1062 ante
527 1036 635 1072 quam
663 1024 785 1072 gallus
813 1025 936 1070 canat,

319 1070 363 1116 Se
391 1089 428 1116 se
456 1078 666 1125 negandum
691 1077 920 1124 praedicans.

374 1131 434 1168 Fit
461 1142 617 1178 namque
645 1131 833 1178 peccatum
860 1129 976 1177 prius,

320 1184 435 1230 Quam
463 1194 591 1231 praeco
618 1183 711 1221 lucis
738 1183 920 1231 proximae

320 1237 501 1275 Inlustret
527 1237 728 1274 humanum
755 1247 886 1284 genus,
1236 1234 1285 1271 55

321 1289 518 1337 Finemque
544 1289 719 1337 peccandi
746 1288 852 1326 ferat.

373 1342 491 1380 Flevit
518 1344 670 1390 negator
698 1342 851 1390 denique

320 1396 375 1434 Ex
403 1406 462 1434 ore
488 1396 698 1443 prolapsum
725 1394 852 1440 nefas,

321 1449 438 1495 Quum
466 1460 569 1486 mens
596 1450 759 1486 maneret
785 1447 960 1485 innocens
990 1447 1065 1496 (1),

321 1501 548 1550 Animusque
576 1503 737 1540 servaret
761 1501 882 1540 fidem.
1237 1499 1287 1536 60

375 1556 453 1593 Nec
478 1555 552 1592 tale
580 1555 778 1602 quidquam
805 1556 930 1601 postea

323 1607 489 1656 Linguae
517 1607 659 1646 locutus
686 1607 825 1646 lubrico
853 1609 909 1645 est
939 1607 1021 1655 (2);

323 1661 512 1708 Cantuque
539 1660 631 1709 galli
658 1660 820 1708 cognito,

323 1714 476 1752 Peccare
503 1713 621 1752 iustus
648 1713 803 1752 destitit.

228 1876 273 1915 (1)
296 1876 359 1915 Quo
379 1885 468 1907 sensu
489 1876 564 1906 haec
598 1875 785 1913 ntelligenda
805 1876 870 1906 sint
890 1875 927 1906 V.
950 1875 982 1906 S.
999 1876 1112 1907 Leonis
1133 1877 1229 1908 Serm.
1245 1876 1289 1907 IX

165 1918 214 1949 De
233 1919 388 1948 Passione
409 1919 555 1953 Domini,
580 1927 607 1948 c.
630 1917 687 1953 1V;
712 1919 745 1948 et
765 1917 797 1948 S.
821 1918 1031 1954 Bemunnvm,
1054 1919 1102 1948 De
1128 1919 1247 1948 Gratia
1261 1922 1289 1947 et

166 1959 280 1990 Libero
300 1959 460 1994 Arbitrio,
484 1968 511 1989 c.
534 1959 606 1989 XII.

230 2011 275 2050 (2)
298 2012 446 2050 Mnyuae
468 2012 593 2041 locutus
615 2011 748 2041 lubrico.
772 2011 890 2042 vaticc.
914 2012 1164 2049 praestantiores,
1188 2011 1289 2041 Wsir-

167 2061 233 2083 zivs
260 2054 293 2084 et
319 2053 477 2084 Heinsws.
514 2053 627 2083 Contra
659 2062 718 2083 ea:
751 2053 885 2092 Linqua
918 2053 1044 2084 locutus·
1081 2053 1208 2084 lubrica
1244 2056 1290 2084 est

169 2095 306 2127 arsum.
329 2097 362 2126 at
380 2094 562 2128 eanumvs.

900 2217 910 2221 “
928 2215 1062 2233 *ἯιΕ-υῇ*
1091 2212 1186 2230 ””““,“ῙᾸ,“
1200 2211 1277 2229 :1-
