1502 2537
367 46 534 82 κ,

340 157 452 194 ΠΕΡΙ
478 157 736 196 mmmm
766 167 917 196 mnvs
943 168 983 197 Vl
1176 159 1252 199 153

339 280 451 318 Iudex
480 281 711 320 Aemilianus
738 282 954 320 imminebat
982 282 1042 330 (1)
1236 281 1260 305 '¹‘

284 334 414 378 Atrox,
445 335 627 380 turbidus,
658 335 834 381 insolens,
864 335 1064 382 profanus:
1201 338 1250 373 35

283 388 381 424 Aras
409 387 640 425 daemonicas
667 388 737 426 coli
766 388 929 426 iubebat.

338 461 389 467 —
419 454 441 476 a<
469 441 538 486 Tu,
569 441 632 488 qui
660 441 798 486 doctor,
824 441 891 486 ait,
922 441 1012 478 seris
1042 442 1225 480 novellum

284 493 485 531 Commenti
514 505 645 539 genus,
676 497 718 531 ut.
744 494 843 532 leves
870 494 1011 541 puellae

284 547 402 584 Lucos
429 546 645 593 destituant,
677 547 799 585 Iovem
828 547 1052 594 relinquant,
1084 548 1144 596 (2)

341 600 516 645 Damnes,
547 599 579 637 si
607 600 745 647 sapias,
776 600 873 637 anile
901 601 1033 647 dogma
1063 601 1136 649 (3).
1202 603 1251 638 4⁴)

284 651 431 689 Iussum
459 654 515 690 est
543 653 710 690 Caesaris
738 664 797 690 ore
825 653 1000 699 Gallieni,

283 705 385 750 Quod
413 705 582 753 princeps
609 706 711 750 colit,
741 708 784 743 ut
810 706 973 744 colamus
1001 718 1140 744 omnes.
1157 722 1178 740 »
1200 728 1251 734 --

339 758 440 796 Haec
467 758 563 796 fanti
591 758 757 805 placidus
785 758 894 796 refert
921 760 1088 796 sacerdos
1104 775 1111 796 :
1130 782 1181 787 -

0 798 9 832 ι
282 824 305 846 ‹
334 812 536 849 Aeternum
563 812 642 849 colo
669 811 885 859 principem,
917 812 1056 849 dierum

284 864 486 910 Factorem,
516 864 773 911 dominumque
802 865 984 911 Gallieni,
1201 868 1249 902 4.)

335 918 385 955 Et
412 917 599 956 Christum
626 918 735 955 Patre
762 919 949 964 prosatum
977 918 1142 965 perenni,

284 970 396 1008 Cuius
423 981 504 1008 sum
531 970 706 1016 famulus,
737 971 930 1018 gregisque
958 973 1137 1018 pastor.»
1160 993 1210 998 —

282 1022 480 1061 Subridens
507 1023 561 1060 ait
587 1023 672 1060 ille:
704 1036 727 1058 «
747 1023 890 1060 —iam
918 1023 1035 1061 fuisti.
1067 1037 1089 1058 »
1118 1045 1171 1051 —

335 1076 413 1114 Nec
440 1076 561 1114 differt
586 1076 687 1114 furor
713 1078 778 1114 aut
803 1076 966 1114 refrenat
992 1077 1084 1114 iram
1106 1091 1115 1123 3

280 1128 406 1167 Saevis
433 1129 594 1167 destinat
621 1129 770 1177 ignibus
796 1130 1024 1169 cremandos.
1201 1132 1249 1167 50

282 1181 495 1227 Exsultant‚
525 1182 788 1230 prohibentque
816 1182 901 1221 flere
927 1183 1096 1230 vulgum.

335 1235 518 1281 Quosdam
547 1235 590 1273 de
617 1235 751 1282 populo
778 1235 879 1274 videt
906 1236 1074 1274 sacerdos

281 1288 490 1326 Libandum
516 1288 587 1327 sibi
615 1288 784 1335 poculum
815 1288 873 1338 (4)
894 1289 1106 1326 offerentes:
1127 1310 1179 1316 —

282 1355 306 1378 ‹
334 1341 561 1388 Ieiunamus‚
589 1342 666 1387 a1t;
697 1353 824 1380 recuso
851 1343 990 1389 potum.

332 1395 506 1432 Nondum
534 1405 633 1432 nona
660 1394 757 1432 diem
777 1395 943 1441 resignat
961 1395 1072 1432 hora:
1097 1395 1154 1442 (5)
1199 1397 1247 1431 55

279 1447 492 1495 Numquam
520 1447 733 1485 conviolabo
761 1447 818 1485 ius
847 1448 1023 1494 dicatum,

281 1500 360 1538 Nec
386 1511 484 1539 mors
512 1501 593 1548 ipsa
621 1511 741 1538 meum
769 1512 914 1539 sacrum
942 1501 1112 1539 resolvet.

184 1628 230 1668 (1)
252 1629 471 1665 Aemilianus,
495 1630 560 1666 qui,
584 1629 703 1659 Valerio
725 1630 758 1659 et
771 1629 907 1660 Gallieno
929 1629 1176 1668 imperatoribus,
1193 1630 1246 1660 Hi-

119 1671 247 1709 spaniae
268 1671 433 1708 praeesset.

120 1723 354 1795 de0(}aicg1¹-⁴.⁰⁰⁸'
375 1723 471 1753 Imus
492 1723 650 1754 arboribus
678 1724 825 1759 consitus,
849 1732 908 1754 non
933 1724 1076 1760 caedatis,
1099 1725 1132 1754 et
1153 1724 1244 1754 alicui

123 1843 126 1846 ,
183 1818 229 1856 (3)
250 1818 339 1848 anile
359 1817 487 1856 dogma,
510 1826 563 1856 per
583 1820 791 1855 contemptum
815 1818 906 1848 anilis
929 1818 1172 1848 Christianorum
1195 1819 1244 1848 do-

119 1859 224 1890 ctrina
243 1860 422 1896 vocabatur,
445 1868 536 1896 quam
559 1859 655 1888 aniles
677 1860 823 1888 foeminas
834 1859 1002 1895 dedeceret,
1019 1868 1057 1890 ne
1078 1860 1148 1889 dum
1165 1861 1245 1889 viros

118 1900 236 1932 litteris
257 1901 434 1931 instructos.
458 1900 495 1930 V.
518 1900 574 1930 sub
597 1901 668 1930 init.
694 1900 730 1936 V,
755 1910 782 1931 v.
807 1901 859 1931 26.

184 1954 230 1993 (4)
252 1953 438 1984 Libandum
470 1953 533 1983 sibi
559 1953 726 1991 poculum.
751 1953 803 1983 Vel
830 1953 1004 1989 antiquitus
1031 1953 1105 1983 dare
1131 1954 1246 1991 capitis

118 1994 275 2026 damnatis
289 1995 407 2032 aliquid
422 1995 535 2030 bibere,
552 1997 586 2024 ut
601 1997 727 2024 mortem
745 1994 928 2024 adeuntibus
944 1995 1064 2024 animus
1075 1995 1243 2030 accederet,

119 2037 214 2066 moris
234 2036 327 2066 fuisse
346 2038 452 2066 notum
473 2037 531 2066 est.

129 2089 174 2129 (5)
199 2089 346 2119 mnrium
370 2098 435 2118 non
475 2098 496 2117 a
528 2089 619 2119 hora.
645 2087 703 2127 Qui
731 2089 822 2119 extra
850 2088 1001 2119 ieiunium
1032 2089 1242 2126 quadragena-
