1502 2537
337 196 445 231 llssl’l
473 196 733 232 ΣἸῈΦΑΝΩΝ
765 204 915 232 ΗΥΜΝνε
945 205 966 231 Χ
1148 194 1224 232 195

0 281 15 300 7
66 293 75 300 -

0 319 7 367 ᾗ
201 318 335 357 Vivum
364 321 508 357 secatur
535 319 657 370 viscus
686 317 762 368 (1),
793 319 830 356 et
856 329 981 355 rem-ns
1010 330 1114 355 eruor

0 373 37 422 ιζ-
201 371 381 419 Sca-lpella
408 372 561 420 tinguit,
592 373 676 410 dum
706 372 856 420 putredo
885 371 1086 408 abraditur.
1151 371 1225 407 500

255 437 387 474 Putate
416 436 550 474 ferrum
579 436 683 474 triste
710 436 901 483 chirurgos
930 436 1019 472 ineis

0 493 18 538 ,Γ
202 488 344 527 Inferre
371 490 496 534 costis
528 489 624 537 quod
651 491 752 527 secat
778 489 984 526 salubriter.

0 545 8 591 l
202 543 288 580 Non
315 544 372 580 est
399 554 577 587 amarum,
609 553 679 590 quo
707 541 922 580 reformatur
950 541 1072 578 sulus:

201 595 381 633 Videntur
409 595 471 633 isti
498 607 642 643 carpere
671 596 773 633 artus
801 595 958 635 tabidos.
1090 596 1095 601 '

201 648 269 686 Sed
298 648 389 686 dant
416 649 592 686 medelam
620 649 728 686 rebus
761 647 862 685 intus
890 647 1037 684 vividis.
1150 647 1224 684 500

253 713 342 758 Quis
369 713 486 750 nescit
511 715 632 750 autem
661 714 799 760 quanta
826 712 1028 759 corruptela
1058 712 1106 748 sit

203 765 483 803 Contaminatae
511 766 634 803 earnis
661 777 704 803 ac
733 765 926 802 solubilis?

202 818 330 856 Sordet
356 819 540 862 tumescit,
571 818 740 865 liquitur,
770 818 895 863 foetet,
927 817 1038 862 dolet,

201 871 362 909 Inflatur
389 871 458 914 ira.
490 870 644 909 solvitur
671 870 846 908 libidine:

204 924 421 972 Plerumque
445 923 531 962 felle
558 924 677 961 tincta
702 923 836 961 livores
863 923 992 960 trahit.
1149 921 1225 959 510

256 989 398 1026 Aurum
425 989 609 1036 regestum
638 988 696 1036 (2)
717 999 837 1025 nonne
866 987 967 1025 carni
996 987 1226 1034 adquiritur?

200 1041 333 1080 Inlusa
360 1041 487 1087 vestis,
518 1052 677 1089 gemma,
708 1041 868 1085 bombix,
899 1052 1073 1087 purpura,

202 1095 247 1132 In
275 1094 398 1132 carnis
425 1106 531 1132 usum
561 1094 660 1131 millo
689 1096 915 1141 quaeruntur
944 1093 1052 1138 dolis,

200 1148 324 1185 Luxus
351 1147 504 1184 vorandi
532 1158 660 1184 carnes
688 1146 854 1184 arvinam
884 1146 1002 1183 fovet:

176 1199 333 1238 'Carnis
361 1200 532 1247 voluptas
560 1211 666 1238 omne
694 1211 756 1247 per
784 1199 888 1236 nefas
917 1199 1005 1236 ruit.
1150 1199 1223 1235 515

253 1264 410 1309 Medere,
442 1275 590 1311 quaeso,
621 1264 784 1301 carnifex
810 1263 927 1301 tantis
955 1264 1078 1309 malis,

201 1317 372 1362 Concide,
402 1329 510 1364 carpe
538 1317 699 1355 fomitem
727 1316 1002 1364 peccaminum

201 1371 287 1416 Fac,
317 1373 360 1408 ut
386 1372 522 1408 resecto
551 1370 682 1408 debilis
710 1369 833 1407 earnis
861 1369 950 1415 situ,

202 1423 331 1461 Dolore
359 1424 407 1461 ab
434 1423 534 1461 omni
562 1434 665 1461 mens
693 1422 854 1469 supersit
881 1422 1011 1468 libera,

201 1477 258 1514 Ne
285 1477 406 1523 gestet
433 1476 532 1514 ultra
559 1476 656 1524 quod
682 1477 865 1523 tyrannus
893 1476 1068 1522 amputet.
1149 1476 1224 1512 520

254 1540 332 1577 Nec
359 1540 531 1577 terrearis
558 1540 667 1577 turha
694 1539 1032 1576 circumstantium:

202 1592 282 1630 Hoc
309 1592 418 1640 perdo
445 1593 578 1638 solum,
609 1592 705 1639 quod
732 1591 865 1639 peribit
891 1591 1072 1638 omnibus,

202 1645 310 1692 Regi,
340 1645 480 1691 clienti,
510 1645 747 1692 pauperique,
778 1645 815 1682 et
842 1644 970 1690 diviti3

201 1698 259 1735 Sio
287 1698 536 1744 vernularum,
565 1698 618 1735 sio
646 1699 857 1735 senato-rum
885 1708 969 1736 caro

201 1751 383 1797 Tabesoit,
414 1750 486 1788 imo
515 1761 626 1799 quum
653 1750 817 1798 sepulcro
845 1750 994 1788 condita
1020 1750 1089 1788 est.
1148 1750 1222 1788 525

255 1816 402 1854 Iactura
430 1815 515 1854 vilis
542 1815 682 1854 mordet
708 1816 744 1852 et
771 1815 945 1853 damnum
970 1814 1065 1862 leve,

201 1869 254 1915 Si,
275 1879 346 1916 quo
364 1868 560 1907 carendum
580 1869 650 1915 est,
670 1868 819 1916 perdere
837 1868 1129 1907 extimescimus:

157 2026 201 2067 ¹1)
223 2028 330 2058 viscus
351 2026 458 2056 Viscus
479 2035 533 2064 pro
549 2034 651 2057 carne.
680 2026 714 2057 V.
739 2026 830 2056 Vmo.
854 2027 935 2056 Aen.
959 2025 1015 2062 VI,
1037 2026 1110 2056 253.
1483 2015 1502 2055 Δί·

159 2079 194 2109 (2
229 2090 350 2110 aurum
374 2082 543 2117 maestum,
570 2087 586 2108 e
609 2081 691 2109 terra
712 2080 864 2110 effossum.
882 2095 921 2101 —-
937 2080 1030 2109 vestis
1051 2079 1169 2117 illusa,
1185 2075 1221 2111 V.

102 2121 207 2159 hymn.
228 2122 261 2152 S.
287 2122 426 2159 Agnetis,
448 2121 552 2151 adnot.
576 2121 614 2150 ad
637 2129 667 2152 v.
691 2121 763 2153 105.
