1450 2537
214 133 289 170 226
467 121 477 129 ‘
593 140 744 168 Avnum
770 140 968 167 Pavonum

218 261 419 299 Protulerat
444 259 582 297 rabiem
609 259 788 307 Tyrrheni
815 258 863 295 ad
890 258 1008 296 litoris
1035 269 1150 303 oram,

265 318 432 360 Quaeque
459 313 539 350 loca
567 324 764 360 aequoreus
792 311 955 358 proxima
983 314 1108 358 portus
1137 311 1260 349 habet.

212 369 315 405 Inter
342 366 544 412 carnifices,
576 367 611 403 et
638 365 845 411 constipata
872 362 1022 402 sedebat

267 419 408 465 Officia,
440 420 620 457 exstructo
649 418 843 455 celsior-in
871 417 975 455 solio.
1288 418 1338 456 00

214 473 420 519 Discipulos
450 472 546 518 fidei,
579 471 856 518 detestandique
885 470 1035 508 rebelles

163 521 167 526 ’
264 525 389 571 Idolii,
420 525 570 562 ardebat
599 525 724 561 dedere
751 524 922 571 perfidiae
944 523 1018 572 (1).

213 581 383 617 Carcereo
411 578 545 615 crinita
572 578 646 615 situ
672 578 768 615 stare
796 577 947 624 agmina
977 576 1035 625 (2)
1068 577 1194 614 contra

264 633 443 677 Iusserat,
474 630 664 669 horrendis
693 630 934 667 excrucianda
962 629 1092 667 modis.
1254 668 1258 670 ,

212 685 304 722 Inde
333 686 546 722 catenarum
573 685 727 729 tractus,
758 683 844 720 hinc
872 683 970 720 lorea
998 683 1116 730 flagra
1146 682 1206 732 (3)
1288 682 1337 720 50

265 737 434 783 Stridere‚
465 737 653 784 virgarum
681 736 925 783 concrepitare
953 736 1089 784 fragor.

213 790 363 838 Ungula
391 791 464 827 fixa
491 790 591 827 cavis
620 791 803 827 costarum
831 789 992 826 cratibus
1020 789 1114 827 altos

265 844 429 882 Pandere
457 855 634 889 secessus,
666 845 701 880 et
727 842 886 880 lacerare
914 842 1026 879 iecur.

214 898 269 935 Ac
295 897 370 934 iam
396 896 547 934 lassatis
574 896 681 933 iudex
707 895 903 933 tortoribus
932 895 1010 933 ibat

265 951 312 987 In
340 950 470 995 furias,
502 961 608 987 cassa
636 949 843 997 cognitione
873 948 1044 987 fremens.
1288 948 1338 984 60

214 1003 350 1040 Nullus
378 1003 474 1040 euim
504 1003 640 1040 Christi
668 1015 709 1040 ex
738 1001 886 1039 famulis
908 1013 970 1048 per
989 1002 1097 1038 tanta
1123 1001 1286 1048 repertus

265 1056 466 1103 Supplicia,
497 1056 646 1093 auderet
674 1055 736 1103 qui
763 1055 893 1092 vitiare
921 1055 1098 1091 animani.

215 1110 304 1146 Inde
332 1109 457 1146 furens
486 1108 670 1156 quaesitor
699 1108 773 1145 ait:
806 1129 854 1134 —
878 1121 899 1143 «
920 1108 1007 1153 iam,
1029 1110 1156 1152 tortor,
1180 1107 1227 1144 ab
1245 1117 1339 1144 unco

267 1162 424 1206 Desine;
457 1162 488 1199 si
515 1173 614 1199 vana
641 1163 696 1199 est
724 1160 890 1208 quaestio
920 1160 995 1209 (4),
1025 1162 1139 1198 morte
1167 1159 1283 1207 agito.

214 1215 311 1252 Huic
340 1215 464 1252 abside
493 1216 615 1262 caput,
646 1226 733 1252 crux
761 1214 874 1251 istum
901 1214 1008 1251 tollat
1035 1213 1073 1250 iu
1103 1225 1226 1259 auras,
1289 1213 1338 1250 65

266 1269 511 1316 Viventesque
540 1268 662 1306 oculos
690 1268 816 1305 offerat
843 1267 1005 1304 alitibus.

214 1321 292 1358 Hos
319 1333 406 1368 rape
434 1321 665 1368 praecipites,
697 1322 733 1358 et
751 1320 893 1357 vinctos
913 1320 1050 1357 00111100
1078 1319 1118 1356 in
1145 1319 1284 1366 ignem3

265 1374 320 1411 Sit
346 1385 437 1422 pyra
465 1386 556 1421 quae
585 1374 718 1411 multos
747 1373 891 1410 devoret
917 1384 992 1410 una
1019 1383 1111 1410 reos.

214 1428 270 1464 En
298 1427 367 1464 tibi
394 1438 484 1474 quos
512 1438 680 1474 properes
708 1426 863 1463 rimosae
881 1425 1063 1473 imponere
1082 1425 1233 1463 cumbae
1253 1423 1337 1474 (5);

267 1480 406 1517 Pellere
434 1482 470 1517 et
493 1480 536 1517 -in
564 1480 674 1517 medii
704 1481 840 1527 stagna
867 1478 1048 1525 profunda
1076 1478 1180 1516 freti:
1291 1478 1340 1515 70

213 1533 310 1577 Quos
336 1533 400 1570 ubi
428 1535 614 1580 susceptos
632 1533 799 1580 rapidum
822 1531 882 1581 (6)
902 1532 995 1569 male
1015 1533 1102 1569 suta
1127 1543 1191 1579 per
1208 1541 1341 1578 aequor

266 1586 428 1633 Vexent,
458 1588 494 1623 et
520 1586 674 1624 tumidis
702 1597 810 1623 caesa.
836 1585 972 1623 labarit
998 1585 1126 1632 aquis;

274 1726 319 1764 (1)
342 1725 475 1755 ardebat
489 1725 599 1756 dedere
608 1725 779 1764 perfidiae.
795 1724 822 1754 A
837 1724 960 1754 Christo
974 1724 1057 1760 scil.,
1074 1723 1125 1754 cui
1135 1731 1168 1753 se
1179 1722 1339 1758 dederant,

213 1767 379 1797 desciscere
401 1768 544 1802 avebant,
567 1769 600 1796 et
622 1767 661 1796 ad
683 1766 765 1797 deor.
789 1765 906 1795 cultum
927 1766 1040 1797 redire.

275 1809 321 1847 (2)
342 1810 479 1847 aymina
500 1810 633 1838 crinita.
657 1808 695 1838 V.
718 1806 802 1851 Περὶ
825 1805 924 1852 Στεφ.
947 1807 1052 1845 hymn.
1075 1806 1103 1842 I,
1127 1806 1181 1836 80·

276 1855 321 1894 (3)
344 1856 431 1885 lorea
450 1857 571 1894 flam-a.
594 1855 632 1886 V.
654 1853 738 1900 Περὶ
763 1853 862 1900 Στεφ.
885 1855 989 1893 hymn.
1013 1853 1055 1889 X,
1081 1854 1153 1884 117.

276 1902 321 1940 (4)
345 1903 532 1940 Quaestio...
558 1903 589 1933 Si
612 1911 664 1940 per
688 1903 841 1932 tormenta
855 1910 924 1931 eum
946 1901 1068 1937 adigere
1082 1908 1279 1936 nequeamUS,
1293 1898 1340 1928 uti

214 1944 351 1973 fateatur
372 1953 405 1974 se
427 1953 445 1973 a
467 1944 621 1973 catholica
642 1944 783 1973 doctrina
805 1943 955 1979 recedere,
977 1944 1013 1972 tu
1034 1945 1134 1971 morte
1155 1941 1254 1980 aqito,
1278 1949 1340 1970 ren:

216 1986 325 2023 expedi
346 1986 482 2015 extremo
504 1985 666 2023 supplicio,
689 1988 788 2014 morte
809 1993 878 2014 eum
900 1984 1039 2022 plectite.
1354 1981 1359 1986 ’

280 2028 324 2065 (5)
350 2027 490 2056 cumbae.
514 2027 549 2057 V.
574 2025 658 2071 Περὶ
683 2025 769 2071 Στεφ
792 2026 896 2063 hymn.
920 2025 950 2056 S.
975 2025 1063 2055 Vinc.
1090 2024 1163 2055 450.

282 2074 327 2113 (6)
354 2074 523 2113 rapidum.
549 2074 640 2105 Codd.
665 2074 790 2103 maioris
811 2081 904 2104 mom.
928 2072 962 2103 et
981 2071 1098 2103 Aans.
1121 2071 1180 2110 Qui
1189 2069 1341 2100 rabidum
