1502 2537
303 188 411 223 ΠΕΡΙ
440 187 697 223 ΣῚἘΦΑΝΩΝ
728 195 879 222 nnmvs
907 195 972 222 xni
1120 184 1196 221 2453

72 309 179 348 Unus
204 309 285 347 erat
310 307 481 346 iuvenum
510 307 741 346 doctissimus
771 307 829 355 (1)
851 307 990 345 artibus
1019 306 1194 351 sinistris,

72 362 214 401 Fraude
241 361 462 410 pudicidiam
492 360 728 408 perfringere,
760 361 811 398 nil
841 372 983 398 sacruin
1013 362 1159 407 putare:

71 417 184 463 Saepe
211 414 322 453 etiam
350 414 534 462 magicum
563 416 755 451 cantamen
785 413 876 450 inire
905 425 967 460 per
996 413 1175 459 sepulcra,

72 469 149 515 Quo
176 467 320 516 geniale
348 467 419 505 tori
447 467 504 504 ius
531 466 700 512 solveret,
731 468 920 504 aestuante
950 469 1078 512 nupta.

72 520 252 559 Luxuriae
278 520 415 558 rabiem
442 522 567 557 tantae
595 519 739 557 cohibet
768 521 913 566 repente
934 519 1116 563 Christus,
1148 519 1196 554 25

72 573 235 612 Discutit
260 575 297 611 et
322 573 492 610 tenebras
521 573 563 610 de
592 574 747 620 pectore,
779 572 882 619 pellit
909 575 945 608 et
973 572 1142 616 furorem,

73 626 208 674 Implet
234 637 353 664 amore
381 626 453 671 sui,
484 625 548 662 dat
575 625 731 668 credere,
763 625 827 662 dat
854 625 986 672 pudere
1015 624 1116 661 facti.

11 687 15 693 “
45 702 47 709 ι
74 679 224 727 Iamque
244 679 363 726 figura
382 678 455 715 alia
470 680 539 724 est,
557 689 666 726 quam
685 689 776 725 quae
792 678 877 723 fnit,
898 677 970 714 oris
984 679 1019 714 et
1033 676 1181 714 nitoris:

73 732 230 771 Exuitur
255 731 358 769 tenui
386 731 508 768 vultus
536 734 631 775 cute,
661 730 797 768 transit
825 730 861 767 in
891 742 1075 767 severam:

74 785 203 823 Deflua
217 785 396 822 caesaries
415 783 654 831 compescitur
673 783 718 820 ad
739 784 864 821 breves
883 783 1034 830 capillos
1051 783 1125 830 (2).
1149 783 1198 819 :30

73 838 158 885 Ipse
186 837 349 876 modesta
375 837 489 884 loqui,
521 848 622 884 spem
650 847 834 883 quaerere,
866 836 1030 883 regulam
1059 838 1195 879 tenere,

73 890 203 928 Vivere
223 890 403 928 iustitiam
421 889 556 927 Christi
574 889 648 937 (3),
666 891 854 936 penetrare
871 889 1001 935 dogma
1017 890 1195 925 nostruin.

74 943 146 987 His
175 943 288 991 igitur
315 942 455 980 meritis
483 942 722 989 dignissimus
751 953 863 989 usque
892 941 1093 988 episcopale

75 995 291 1034 Provehittu·
318 995 449 1033 solium
479 995 615 1040 doctor,
646 994 745 1042 capit
772 997 808 1031 et
835 994 946 1031 sedile
974 1005 1171 1032 summum.

74 1048 295 1086 Valerianus
322 1059 430 1095 opum
459 1047 634 1094 Princeps
662 1048 753 1093 erat,
776 1050 883 1094 atque
913 1047 1125 1092 Gallienus3
1149 1048 1197 1084 35

74 1101 300 1140 Constituere
328 1100 437 1139 simul
466 1111 619 1148 poenam
647 1100 780 1148 capitis
809 1101 925 1138 Deum
954 1100 1100 1138 fatenti.

136 1234 187 1276 (1)
213 1235 319 1266 Unus·
338 1238 409 1265 erat
444 1236 597 1264 iuvenum
629 1235 845 1266 doctissimus.
871 1235 953 1273 Quae
987 1244 1005 1264 a
1037 1244 1124 1264 versu
1161 1236 1197 1265 21

73 1276 242 1314 sequuntur
263 1276 405 1307 videntur
433 1285 490 1306 nou
514 1277 552 1306 ad
580 1276 764 1314 cyprianum
797 1276 1074 1312 Cui-taginienseni,
1096 1277 1146 1306 sed
1170 1286 1201 1306 re

74 1327 147 1349 vera
169 1318 209 1348 ad
229 1317 414 1356 Cyprianum
437 1317 672 1353 Antioc-henum,
694 1319 891 1354 cognomento
914 1319 1048 1355 Maqum
1082 1318 1198 1348 referri.

74 1359 159 1400 Quod
179 1359 353 1389 mirandum
386 1368 443 1389 uon
478 1360 535 1389 est.
562 1359 747 1389 Prudentius
768 1360 863 1393 enim,
888 1360 939 1395 qui
960 1367 1065 1388 sersus
1089 1359 1142 1388 hos
1163 1360 1201 1388 de

73 1401 191 1439 scripto
212 1400 339 1436 faceret,
361 1409 420 1430 non
442 1402 545 1430 autem
561 1401 708 1438 martyris
728 1400 897 1438 sepulcrum
914 1400 1052 1433 vidisset,
1077 1401 1107 1429 in
1130 1409 1200 1430 eun-

75 1443 143 1473 dem
159 1450 290 1472 errorem
314 1441 438 1476 incidit,
462 1450 520 1477 quo
541 1441 625 1479 capti
646 1442 719 1471 sunt
739 1442 771 1472 S.
795 1442 956 1478 Gregorius
978 1441 1201 1477 Nazianzenus,

74 1483 311 1521 Memphrastos‚
325 1483 451 1519 aliique.
468 1491 541 1518 quos
556 1484 705 1512 memorat
715 1482 803 1513 CAss.
819 1484 977 1512 BAnomvs
990 1483 1026 1511 :ul
1040 1484 1201 1521 Martyro-

75 1526 138 1564 ²⁰9·
161 1524 266 1555 XVIII
285 1523 343 1555 cal.
366 1524 514 1555 octobreS.

138 1570 186 1610 (2)
209 1571 325 1607 Deflua
346 1571 515 1600 caesaries.
540 1570 597 1608 Qui
620 1569 754 1600 militiae
785 1579 890 1600 sacrae
914 1571 943 1600 in
972 1570 1128 1601 occidente
1151 1580 1200 1600 no-

78 1621 146 1643 men
169 1612 291 1647 darent,
314 1612 407 1641 moris
428 1613 496 1641 emt
528 1615 564 1641 ut
595 1619 712 1641 comam
745 1613 924 1649 promissam
955 1613 1067 1641 tonsori
1091 1613 1200 1642 statim

76 1653 260 1684 caedendam
276 1653 521 1687 committerent;
539 1661 555 1682 e
567 1653 721 1682 contrario
736 1653 867 1682 alumnis
881 1653 960 1682 sacri
976 1653 1092 1682 ordinis
1107 1655 1138 1683 et
1154 1663 1201 1682 sa-

77 1695 249 1725 cerdotibus
270 1694 396 1723 barbam
412 1694 591 1731 promittere
612 1693 684 1723 olim
707 1694 832 1724 licebat.
850 1694 927 1723 Hinc
943 1696 1089 1724 Smomvs
1104 1696 1200 1724 niaxi-

77 1744 160 1766 mum
181 1734 374 1766 Sacerdotem
400 1735 571 1765 describens
597 1735 628 1764 in
651 1735 685 1765 L.
715 1735 729 1765 1
755 1735 855 1773 Epist.
886 1744 963 1764 xxw
985 1736 1048 1765 ait:
1073 1746 1090 1763 «
1116 1745 1203 1765 coma

77 1777 190 1812 brevis,
211 1776 307 1806 barba
329 1777 490 1813 promissa.
509 1797 516 1804 .
544 1786 561 1803 »
584 1775 659 1806 Vide
679 1776 722 1805 sis
745 1777 941 1806 Bmcnmvn
964 1777 1056 1814 Ore'9.
1080 1777 1200 1808 E'ccles.

77 1819 114 1849 L.
138 1817 191 1853 VI,
214 1826 243 1847 c.
266 1818 297 1848 4.

141 1863 189 1904 (3)
215 1865 324 1894 Vivere
345 1864 523 1894 iustitiam.
553 1863 656 1893 Dictio
687 1864 874 1900 significans,
898 1873 950 1902 pro
980 1873 1015 1894 eo
1044 1864 1122 1901 quod
1143 1866 1202 1901 est,

80 1905 209 1936 vivendo
230 1905 384 1935 iustitiam
406 1905 595 1943 exprimunt,
618 1906 716 1935 vitam
732 1907 828 1942 agunt
843 1905 882 1935 ad
898 1906 1038 1936 iustitiae
1053 1915 1200 1937 normam.

76 1947 255 1981 Ivvmuus,
276 1947 346 1976 Sat.
362 1946 402 1981 ΙΙ,
418 1947 449 1981 3,
465 1946 501 1976 de
517 1946 662 1976 Romanis
675 1946 764 1982 genio
786 1956 839 1976 suo
851 1947 916 1984 plus
931 1955 1026 1983 aequo
1048 1947 1203 1984 indulgen-

77 1988 175 2023 tibus,
197 1987 268 2017 dum
290 1996 407 2017 morum
438 1987 634 2017 severitatem
656 1989 857 2020 ostentarent,
882 1989 944 2018 ait:
970 1999 986 2015 «
1010 1988 1066 2026 Qui
1098 1988 1204 2019 Curios

77 2029 226 2060 simulant
246 2030 280 2059 et
299 2028 504 2058 Bacchanalia
524 2029 644 2058 vivunt.
670 2039 687 2056 »
710 2045 749 2051 -
770 2029 933 2059 Grssunvs
953 2029 1029 2066 legit
1056 2030 1202 2061 iustitia:

80 2070 134 2101 alii
157 2069 313 2100 iustitiae.
331 2069 474 2100 Perverse
495 2069 527 2099 id
549 2069 682 2106 quidem.
701 2069 762 2099 Nos
783 2070 938 2100 Hzmsivn
960 2071 1128 2107 sequimur,
1151 2072 1201 2108 qui

82 2112 181 2150 plnres
201 2110 287 2142 codd.
311 2119 384 2142 mss,
409 2111 500 2146 vidit,
525 2111 705 2149 praesertim
730 2110 894 2141 vaticanos
915 2112 1059 2150 potiores.

1486 936 1502 1050 ἓ

1483 1071 1502 1119 ³,

1488 1155 1502 1183 ἡ

1477 1189 1502 1284 ³}

1480 1286 1502 1356 -Ξ

1482 1356 1502 1461 a}

1488 2223 1502 2245 ,ε-
1472 2129 1502 2195 ,5⁸³ss
1473 1772 1502 2112 .'.'.,.3...;..u·-.*.2r.⁴.''{u....‘i
1474 1691 1502 1758 ‘eu-J
