1450 2537
197 129 271 166 122

577 139 727 167 AVRELII
754 139 952 168 PRVDENTII

350 252 576 299 Sanguinem
604 253 721 298 Ivs'rs,
753 253 810 290 cui
842 253 985 289 PASTOR
1015 252 1152 299 haeret,

300 307 490 343 Ferculum
519 306 663 353 duplex,
696 305 954 353 geminumque
983 305 1118 343 donum

299 359 406 396 Ferre
435 359 664 406 Complutum
693 358 830 405 gremio
859 357 1011 405 iuvabit,
1055 358 1114 406 (1)

618 413 783 449 Membra
812 412 979 450 duorum.

351 483 502 530 Ingeret
528 483 658 530 Tingis
687 494 754 519 sua
783 483 1009 527 CASSIANVM,
1035 482 1093 531 (2)

298 537 407 573 Festa
436 536 640 583 Massylum
669 536 908 573 monumenta
935 546 1085 582 regun13

299 590 367 635 Qui
397 589 490 640 einis
521 589 579 638 (3)
601 590 730 636 gentes
759 588 916 626 domitas
943 589 1063 636 coegit

616 643 676 680 Ad
704 642 792 689 iuga
823 641 975 679 Christi.

352 713 516 760 Singulis
545 725 698 761 paucae,
728 714 846 751 tribus
875 714 941 750 aut
969 712 1108 749 duobus

300 767 455 812 Forsan,
488 768 523 803 et
552 767 677 814 quinis
705 767 850 814 aliquae
879 766 1075 813 placebunt

298 820 467 857 Testibus
496 820 647 865 Christi,
678 820 780 867 prius
809 820 1010 857 hostiarum
1041 819 1098 867 (4)

619 874 777 921 Pignore
806 873 967 911 functae.

350 944 404 981 Tu
433 944 555 981 decem
583 944 735 981 Sanetos
762 944 912 981 revehes
940 945 975 981 et
1003 944 1097 990 octo,

299 998 571 1044 Cesaraugusta
599 997 764 1034 studiosa
793 996 944 1043 Christi,

298 1051 479 1089 Vertieem
508 1050 614 1087 flavis
643 1050 731 1088 oleis
758 1050 923 1088 revincta

617 1104 725 1141 Pacis
754 1103 926 1141 honorae.
951 1103 1009 1153 (5)

350 1174 432 1211 Sola
461 1174 500 1211 in
527 1185 716 1212 occursum
745 1174 1011 1212 numerosiores

295 1227 502 1275 Martyrum
528 1228 657 1265 turbas
687 1227 842 1265 Domino
871 1227 1028 1275 parasti,

296 1281 396 1327 Sola,
426 1280 617 1328 praedives
645 1280 796 1328 pietate,
827 1281 944 1318 multa

614 1335 711 1372 Luce
739 1334 884 1372 frueris.

1269 484 1319 519 45

1268 1335 1319 1372 60

252 1445 296 1484 (1)
329 1446 556 1484 Complutum:
590 1446 660 1475 urbs
687 1446 856 1484 Hispaniae
885 1446 1120 1476 Tarraconensis
1149 1447 1179 1476 in
1210 1446 1319 1483 Carpe-

189 1494 271 1522 tanis
294 1493 332 1522 ad
354 1494 469 1529 Tagum
492 1494 536 1529 ss.‚
552 1502 631 1522 nune
654 1494 772 1523 Alcala
788 1494 825 1522 de
840 1494 1009 1531 Henares;
1033 1502 1110 1530 quae
1131 1493 1243 1522 nobilis
1260 1494 1321 1522 suit

188 1541 225 1569 ob
246 1542 365 1570 coetum
387 1541 562 1570 litteratum
595 1550 613 1570 a
647 1541 810 1571 F1·an‹:isco
840 1541 995 1578 Ximenio,
1017 1542 1106 1579 patre
1135 1543 1315 1578 purpurato,

188 1588 231 1617 ibi
253 1589 469 1618 constitutum.

250 1647 294 1685 (2)
321 1648 448 1685 Tae'ngyis.
472 1647 621 1685 Oppidum
654 1648 874 1683 Mauritaniae.
898 1656 976 1677 nune
1013 1648 1161 1685 Tanyer,
1178 1647 1316 1685 proxime

188 1693 300 1723 fretum
323 1694 504 1724 Herculeum
525 1703 577 1724 seu
599 1695 798 1729 Gaditanum,
816 1695 933 1724 Oceano
948 1695 1118 1724 obversum.
1141 1694 1199 1724 Hie
1215 1697 1317 1724 autem

187 1741 348 1770 Cassianus
373 1743 490 1779 martyr
505 1742 583 1771 alius
605 1742 726 1771 omnino
745 1744 792 1772 est
807 1751 825 1771 a
841 1742 985 1772 Cassiano
1000 1742 1189 1778 cognonime,
1207 1741 1243 1770 de
1260 1750 1317 1778 quo

187 1790 234 1817 est
256 1788 386 1825 hymnus
408 1789 452 1818 IX
474 1789 564 1818 huius
585 1788 668 1819 libri.

251 1847 294 1885 (3)
317 1849 373 1885 qui
395 1848 491 1883 cinis,
516 1848 568 1884 qui
591 1848 765 1884 Cassianus,
788 1857 867 1878 nune
890 1848 978 1879 einis.

250 1907 294 1944 (4)
316 1908 451 1945 pigmore
473 1908 667 1937 hostiarum.
698 1908 850 1944 Martyres
879 1909 951 1937 sunt
983 1908 1139 1943 tamquam
1175 1907 1315 1944 pignora,

187 1954 281 1983 'Weum
304 1963 406 1983 eorum
430 1955 568 1992 precibus
590 1955 771 1992 placabilem
794 1955 879 1984 nobis
902 1954 974 1985 sore.

250 2014 293 2050 (5)
310 2015 404 2050 pacis
426 2014 575 2043 honorae.
599 2014 764 2049 Hssmsws3
789 2014 882 2044 ceteri
906 2014 998 2043 ferme
1023 2022 1126 2043 omnes
1150 2022 1219 2042 eum
1243 2013 1316 2042 er-

189 2068 318 2097 mano,
337 2062 433 2099 pacis
454 2061 582 2091 honore.
