1450 2537
182 119 230 155 84
562 126 711 152 AVRELH
740 124 937 152 Pavonum

234 244 350 288 Tune,
364 252 429 280 suo
443 241 517 278 iam
532 240 662 288 plenus
680 240 782 276 hoste
805 238 880 287 (1),
894 238 1036 276 sistitur
1051 239 1175 278 furens
1189 241 1311 287 homo,

183 298 357 343 Spumeas
375 294 503 332 efflans
522 293 674 339 salivas,
692 292 806 338 cruda
822 293 996 339 torquens
1014 293 1169 340 lumina,
1219 294 1313 342 [100

184 349 398 396 Expiandus
427 346 637 394 quaestione
667 356 740 383 11011
770 356 916 382 suorum
944 345 1151 384 criminum.

236 402 392 446 Audias,
425 412 490 437 nec
518 400 631 437 tortor
660 399 788 443 instat,
820 398 976 435 eiulatus
1005 399 1165 437 flebiles:

182 455 367 493 Scinditur
395 465 457 500 per
485 453 603 500 flagra
631 463 775 498 corpus,
798 462 864 488 neo
892 451 1080 498 flagellum
1100 452 1283 497 cernitur3

183 508 321 546 Crescit
350 506 407 553 (2)
430 508 465 543 et
494 516 693 552 suspensus
713 504 789 551 ipse
809 503 968 541 vinculis
986 504 1203 543 latentibus.
1238 505 1313 544 105

236 561 306 597 His
321 559 436 597 modis
449 570 619 605 spurcum
630 558 810 595 latronem
824 559 1025 605 martyrum
1041 558 1157 596 virtus
1173 559 1311 606 quatit:

183 615 284 651 Haeo
312 614 463 657 coercet,
494 612 650 658 torquet,
681 610 769 655 urit,
801 610 890 648 haec
918 612 1067 648 catenas
1099 611 1258 658 incutit3

183 667 322 704 Praedo
351 667 503 702 vexatus
531 664 668 701 relictis
697 675 734 701 se
762 663 932 701 medullis
960 664 1081 701 exuit:

236 719 388 766 Linquit
415 718 593 755 inlaesam
611 717 794 764 rapinam,
826 716 994 754 faucibus
1013 717 1120 755 siccis
1148 717 1259 766 fugit,

183 774 315 820 Ungue
326 773 372 809 ab
382 772 453 809 imo
463 782 577 818 usque
589 771 635 807 ad
645 770 819 817 capillum
832 770 936 807 salva
945 770 1065 807 reddit
1076 771 1213 817 omnia,
1238 770 1257 808 1
1265 770 1314 809 10

185 826 370 864 Confitens
399 825 522 861 ardere
552 835 651 868 sese3
684 835 770 860 nam
799 824 987 871 gehennae
1015 825 1072 861 est
1098 823 1233 861 incola.

237 878 332 925 Quid
357 878 486 925 loquar
513 878 670 925 purgata
697 876 819 924 longis
848 876 932 913 alba
959 876 1095 914 morbis
1113 878 1290 924 corpora?

185 932 344 980 Algidus
372 942 483 978 quum
513 930 694 968 decoloros
722 930 848 967 horror
875 931 977 967 artus
1005 930 1181 976 concutit,

186 986 258 1023 Hio
285 986 404 1022 tumor
426 984 568 1021 vultum
596 983 784 1030 relinquit,
815 983 875 1020 hic
903 983 999 1020 color
1018 994 1126 1021 verus
1152 982 1260 1021 redit.

238 1039 319 1076 Hoo
328 1038 464 1075 bonum
474 1036 640 1074 Salvator
650 1036 740 1083 ipse,
754 1047 824 1083 quo
835 1036 1014 1082 fruamur,
1027 1036 1226 1083 praestitit,
1239 1036 1259 1073 1
1266 1035 1314 1074 15

186 1092 391 1138 Martyrum
405 1101 517 1138 quum
531 1090 692 1127 membra
707 1091 832 1126 nostro
851 1089 1078 1126 consecravit
1091 1089 1222 1137 oppido
1237 1088 1313 1138 (3),

186 1144 374 1192 Sospitant
401 1155 492 1191 quae
520 1154 619 1180 nunc
647 1142 807 1188 colonos,
839 1154 928 1190 quos
957 1142 1117 1180 Hiberus
1145 1143 1277 1180 adluit.

240 1199 339 1235 State
359 1208 471 1243 1111110,
503 1196 682 1244 hymnite,
705 1196 762 1245 (4)
792 1197 942 1242 matres,
964 1206 1029 1243 pro
1050 1195 1205 1244 receptis
1231 1207 1314 1243 par-

1174 1249 1311 1297 [vulis3

188 1304 392 1352 Coniugum
421 1303 538 1341 salute
566 1303 664 1340 laeta
692 1313 761 1339 vox
788 1302 1003 1339 maritarum
1033 1302 1091 1352 (5)
1121 1303 1281 1350 strepat:

187 1358 241 1396 Sit
254 1357 329 1395 dies
344 1357 433 1394 haec
447 1356 541 1394 festa
557 1355 676 1401 nobis,
695 1355 744 1393 sit
759 1357 943 1393 sacratum
958 1355 1149 1403 gaudium.
1238 1354 1316 1393 120

250 1499 293 1536 (1)
316 1499 410 1528 hoste.
443 1498 611 1533 Daemone,
646 1505 734 1533 quem
771 1497 883 1526 TAssvs
916 1496 958 1525 im
980 1496 1022 1526 IV
1044 1496 1130 1527 Sacri
1161 1496 1317 1527 Poematis

187 1541 281 1571 cantu
302 1549 365 1570 esse
388 1540 449 1569 ait:
475 1539 508 1568 Π
525 1548 613 1577 yran
635 1539 755 1568 nemico
778 1538 859 1567 delle
881 1547 999 1568 umane
1018 1538 1119 1576 genti.

249 1588 292 1624 (2)
315 1587 426 1616 erescit
447 1586 581 1615 Nebriss.
608 1603 646 1606 —
662 1586 809 1614 tumescit
828 1585 957 1615 Isonius.

250 1634 293 1671 (³3)
315 1637 463 1663 nostro...
485 1633 613 1670 oppido.
637 1632 762 1662 Scilicet
783 1632 954 1668 Calagurri,
978 1640 1055 1668 quae
1086 1632 1158 1661 urbs
1187 1633 1247 1668 est,
1269 1632 1316 1663 uti

188 1677 235 1705 ait
256 1676 365 1706 Strabo
387 1676 418 1705 L.
436 1675 494 1708 ΙΙΙ,
512 1675 542 1703 111
560 1674 744 1703 Vasconibus
773 1673 945 1703 Celtiberis.
970 1674 1047 1703 Sunt
1069 1674 1120 1710 qui
1142 1675 1253 1711 putent
1267 1673 1318 1704 hic

187 1719 308 1754 poetam
330 1717 520 1753 Calagurrim
542 1719 689 1745 nostrum
711 1715 868 1753 oppidum
890 1715 1015 1749 dixisse,
1039 1715 1117 1751 quod
1150 1715 1194 1745 ibi
1215 1716 1317 1745 ortum

188 1759 320 1788 (luxerit.
343 1759 404 1787 Nos
426 1757 512 1787 litem
534 1757 739 1787 iniudicatam
772 1756 983 1793 relinquimus.
1006 1756 1082 1786 Vide
1109 1756 1152 1785 sis
1182 1764 1260 1793 quae
1280 1757 1317 1787 de

189 1801 246 1829 hac
268 1809 299 1829 re
322 1800 496 1829 notavimus
519 1799 551 1828 in
575 1799 746 1829 Comment.
771 1798 810 1827 dc
830 1799 916 1827 Aur.
941 1798 1047 1828 Prud.
1072 1797 1171 1827 Clem.

251 1847 294 1884 (4)
318 1847 470 1884 hymnite.
494 1846 603 1875 Omnes
625 1846 720 1875 bonae
741 1846 833 1875 notae
858 1841 1008 1875 codd.”Ab
1034 1843 1146 1887 ὑμνὲω
1166 1843 1318 1875 derivavit

189 1895 289 1923 noster
310 1902 426 1928 vocem,
450 1901 510 1928 qua
531 1901 618 1922 nemo
641 1893 734 1922 antea
753 1900 824 1921 usus
838 1892 897 1921 est.
915 1891 950 1921 In
976 1891 1111 1921 Nebriss.
1128 1892 1221 1927 atque
1238 1891 1316 1922 edit.

189 1935 471 1969 Amstelodamensi,
496 1942 572 1970 quae
594 1934 710 1972 prodiit
731 1941 782 1963 an.
807 1940 965 1962 MDcml:
989 1933 1170 1970 hymnistae
1185 1936 1316 1964 matres.

252 1981 295 2019 (5)
319 1983 531 2010 maritarum.
556 1981 670 2010 Marita
693 1980 811 2018 poetice
839 1981 887 2009 est
919 1979 1032 2009 femina
1065 1979 1132 2008 viro
1155 1979 1220 2009 iure
1252 1988 1317 2009 ma-

190 2024 327 2052 trimonii
350 2024 467 2053 iuncta.
492 2022 631 2053 Vidimus
653 2022 808 2053 interdum
836 2022 868 2052 et
897 2021 929 2052 iu
961 2021 1181 2052 vetustioribus
1209 2021 1317 2052 inscri-

191 2065 357 2096 otionibuS.

1440 626 1450 664 ,av
1445 569 1450 617 .-.-
1440 516 1450 560 ..μὴ
1444 454 1450 507 μ,
