1502 2537
399 0 707 27 -’⁷'*-.⁵=:=**·.·1²⁷·
726 0 754 7 ‘¹
796 0 805 2 -
823 0 831 5 ’

457 156 741 185 cnunmnzon
770 157 919 185 nnmvs
949 158 970 185 x
1231 151 1279 186 59

367 269 425 308 Sic
453 269 593 308 semina
623 269 720 308 sicca
747 269 933 308 virescunt
962 270 1020 319 (1)

316 322 395 360 Iam
424 325 579 369 mortua,
612 323 754 371 iamque
783 323 949 370 sepulta,

315 376 413 420 Quae
441 376 582 413 reddita
610 375 743 423 cespite
771 376 818 413 ab
847 376 918 414 imo

315 428 461 466 Veteres
490 429 712 466 meditantur
739 429 873 466 aristas
903 428 974 475 (2).

367 481 476 518 Nunc
505 481 646 528 suscipe
672 484 768 518 terra
796 481 1004 525 fovendum,
1206 483 1278 519 125

314 534 528 582 Gremioque
557 534 654 572 hunc
682 534 828 581 concipe
856 534 976 571 molli:

315 587 486 624 Hominis
512 587 579 624 tibi
607 587 767 623 membra
796 588 994 635 sequestro,

314 639 497 677 Generosa
524 642 561 677 et
588 639 772 686 fragmina
800 640 917 678 credo.

367 693 522 729 Animae
551 691 621 729 fuit
649 693 736 730 haec
765 693 892 730 domus
921 692 1004 731 olim

315 745 478 782 Factoris
505 745 552 781 ab
579 756 637 782 ore
665 747 825 783 creatae:
1204 746 1278 783 130

315 798 471 835 Fervens
498 797 681 835 habitavit
708 798 746 835 in
776 798 856 835 istis

311 850 513 897 Sapientia,
543 850 706 898 principe
735 851 891 889 Christo.

365 903 419 941 Tu
447 903 648 950 depositum
675 905 757 951 tege
785 914 931 951 corpus:

313 956 398 993 Non
426 955 613 993 immemor
641 956 706 993 illa
734 957 892 1004 requiret-

311 1009 384 1046 Sua
411 1020 562 1046 munera
589 1009 693 1046 fictor
719 1010 756 1046 et
782 1011 921 1056 auctor,
1200 1010 1274 1047 1:323

312 1061 524 1109 Propriique
552 1061 763 1109 aenigmata
791 1062 915 1100 vultus
945 1063 1017 1110 (3).

363 1114 526 1152 Venia-nt
553 1115 657 1152 modo
685 1117 847 1162 tempora
874 1115 987 1161 iusta,

310 1168 428 1213 Quum
455 1179 555 1214 spem
583 1168 682 1205 Deus
709 1168 860 1215 impleat
887 1178 1029 1206 omnem
1059 1169 1141 1217 (4),

310 1220 456 1258 Reddas
483 1220 667 1267 patefacta
695 1232 840 1258 necesse
868 1222 938 1268 est,

310 1273 460 1319 Qualem
486 1273 556 1311 tibi
581 1273 686 1311 trado
714 1274 884 1321 figuram.
1198 1274 1273 1312 140

363 1326 463 1372 Νοη,
495 1326 527 1364 si
555 1326 695 1364 cariosa
722 1328 886 1364 vetustas
917 1326 975 1375 (5)

310 1379 528 1417 Dissolverit
555 1390 638 1416 ossa
666 1379 818 1425 favillis,

311 1432 503 1480 Fueritque
531 1432 730 1470 cinisculus
758 1443 865 1470 arens

309 1485 455 1522 Minimi
481 1496 651 1523 mensura
677 1484 834 1533 pugilli·

0 1115 13 1377 .,1ι-υ-ι«ιν-μ-α.--ι.-Δ
0 1047 8 1074 -
1 997 9 1027 ,2
0 956 8 963 ι

215 1607 260 1646 (1)
283 1607 336 1637 Sic
345 1608 468 1636 semina
480 1608 562 1637 sicca
575 1608 748 1637 virescunt.
765 1607 828 1638 Cfr.
842 1607 873 1638 S.
887 1607 975 1638 Paul.
989 1608 1003 1638 1
1020 1608 1058 1638 ad
1070 1608 1210 1639 Corinth.
1222 1617 1276 1639 xv.

212 1653 257 1692 (2)
280 1654 490 1689 meditantur,
513 1654 615 1692 pulcre
636 1663 704 1685 cnm
727 1654 873 1684 Glsemno
901 1654 1037 1692 plerique
1066 1664 1179 1686 omnes.
1205 1655 1275 1694 Qui-

150 1694 220 1725 dam
243 1696 433 1724 imitantur.

213 1741 258 1780 (3)
282 1743 485 1780 aenigmata.-
507 1741 693 1771 lineamenta
716 1741 864 1778 quaedam
886 1741 1068 1772 deformata.

215 1788 260 1827 (4)
284 1789 391 1826 Quum
419 1789 507 1818 Deus
537 1798 622 1826 spem
655 1788 788 1826 impleat
818 1797 952 1818 omnem.
987 1789 1147 1826 Sapienter
1178 1789 1277 1825 igitur

150 1828 318 1859 PzTancA
330 1829 460 1859 Lautam
472 1837 557 1858 suam
575 1830 635 1858 iam
651 1829 733 1859 caelo
748 1831 899 1867 receptam
922 1838 1022 1860 secum
1038 1830 1085 1859 ita
1105 1829 1276 1866 loquentem

151 1869 244 1900 facit:
269 1881 286 1898 «
303 1871 370 1900 Μὶο
384 1870 440 1899 ben
456 1880 518 1899 non
535 1880 609 1908 cape
625 1872 660 1899 in
676 1871 829 1900 intelletto
845 1880 964 1900 umano
971 1881 985 1908 ;
1003 1871 1045 1900 Te
1058 1871 1124 1900 solo
1139 1874 1273 1910 aspecto,

150 1920 166 1940 e
179 1911 252 1950 quel
273 1911 327 1941 che
341 1914 431 1941 tanto
445 1913 576 1946 amasti,
594 1912 626 1940 E
638 1911 785 1949 layyiuso
798 1911 814 1941 ἒ
832 1913 964 1947 rima-30,
982 1912 1009 1941 il
1024 1913 1088 1941 mio
1102 1912 1149 1941 bel
1164 1913 1229 1942 velo
1246 1923 1274 1941 ».

151 1952 206 1990 (ln
226 1955 326 1982 morte
345 1953 381 1982 di
401 1953 493 1982 Mad.
518 1953 644 1987 Laura,
668 1953 825 1991 XXXIV).
849 1953 886 1983 V.
903 1954 934 1984 S.
964 1954 1099 1983 Avcvsr.
1124 1954 1170 1983 De
1193 1954 1260 1984 Gen

149 1993 194 2023 ad
215 1993 265 2024 lit.
290 1993 325 2024 L.
346 1993 419 2029 XII,
444 1994 494 2024 35.

213 2040 258 2079 (5)
281 2041 414 2070 Cariosa
433 2044 517 2069 vetu
515 2043 582 2070 ’.ιαε
599 2040 739 2071 Cariosus
753 2043 800 2071 est
816 2041 963 2078 quidquid
989 2042 1102 2072 callem
1127 2041 1273 2080 concipit.

151 2079 187 2111 V.
210 2081 298 2111 ann
333 2082 454 2112 Contra
477 2082 600 2120 Syrum.
623 2081 650 2114 1.
673 2081 747 2112 434.
