1502 2537
449 152 733 181 circumituros
760 152 913 181 nrmws
942 153 995 181 vn
1242 143 1290 181 37

690 499 766 536 VII

422 605 636 643 HYMNVS
665 605 812 643 IEIVN
817 605 887 642 AN
891 605 1017 642 TIVM
1048 604 1067 624 *

167 742 264 772 Facta
285 742 491 778 invocatione,
516 743 546 772 in
564 743 672 772 ieiunii
685 742 789 772 laudes
812 743 997 780 ingreditur,
1017 742 1238 772 illustrioribus
1255 753 1291 772 ex

207 797 336 828 utroque
349 791 545 821 Testamento
561 791 592 820 iu
609 791 742 820 medium
758 790 906 829 exemplis
922 791 1130 820 abstinentiae
1145 791 1290 829 prolatis,

206 839 319 868 Omnes
333 838 369 867 ut
381 838 603 867 abstinentiam
625 838 854 876 amplectantur
869 838 1064 872 exhortatur,
1094 846 1171 875 quae
1183 839 1288 868 tamen

205 885 243 914 ab
265 885 457 922 eleemosyna
479 893 538 915 non
560 885 604 915 sit
625 885 832 922 abiungenda.

271 1009 302 1048 Ο
330 1009 534 1056 Nazarene,
564 1009 628 1047 lux
655 1009 841 1055 Bethlem,
874 1009 1033 1048 Verbum
1064 1010 1200 1057 Patris,

217 1062 330 1108 Quem
357 1064 485 1110 partus
513 1062 588 1099 alvi
615 1062 809 1109 virginalis
836 1063 1001 1109 protulit,

217 1115 355 1153 Adesto
381 1115 509 1161 castis,
541 1115 696 1161 Christe,
727 1115 973 1162 parsimoniis,

217 1168 434 1216 Festumque
463 1169 642 1214 nostrum,
672 1180 749 1214 reX‚
780 1180 928 1206 serenus
957 1169 1118 1216 adspice,

216 1220 439 1259 Ieiuniorum
469 1221 554 1259 dum
581 1221 732 1259 litamus
761 1221 960 1259 victimam.

270 1274 336 1312 Nil
364 1275 431 1312 hoc
458 1274 617 1321 profecto
644 1274 771 1322 purius
799 1275 984 1322 mysterio,

216 1327 294 1374 Quo
321 1327 414 1365 fibra
440 1327 558 1366 cordis
586 1328 751 1375 expiatur
777 1327 904 1373 lividi,

215 1381 467 1428 Intemperata
494 1391 564 1428 quo
594 1381 787 1418 domantur
815 1381 969 1425 viscera,

216 1433 360 1472 Arvina
385 1435 527 1481 putrem
555 1445 600 1471 ne
628 1433 806 1472 resudans
833 1434 1019 1482 crapulam

217 1487 527 1535 Obstrangulatae
555 1487 689 1524 mentis
716 1486 906 1534 ingenium
934 1489 1087 1534 premat.
1243 1487 1291 1525 10

270 1539 370 1577 Hinc
397 1539 615 1587 subiugatur
641 1539 748 1577 luxus
776 1541 812 1577 et
838 1540 956 1587 turpis
983 1541 1094 1588 gula,

216 1591 306 1631 Vini
332 1594 441 1640 atque
469 1592 587 1630 somni
615 1592 770 1640 degener
798 1593 975 1638 socordia,

217 1645 346 1684 Libido
374 1645 539 1691 sordens,
570 1645 836 1683 inverecundus
862 1645 988 1693 lepos3

216 1699 420 1747 Variaeque
447 1700 568 1746 pestes
594 1698 852 1746 languidorum
879 1710 1051 1736 sensuum

217 1752 372 1790 Parcam
399 1752 570 1790 subactae
598 1751 831 1798 disciplinam
860 1751 1037 1789 sentiunt.
1078 1784 1083 1786 .
1243 1751 1291 1789 15

1268 1224 1290 1260 ΕΠ

224 1885 242 1905 *
263 1887 310 1917 Ad
334 1887 481 1918 ieiunium
504 1886 597 1917 feriae
624 1889 752 1923 quartae
778 1887 811 1916 et
838 1888 956 1922 sextae,
987 1887 1065 1922 quod
1094 1888 1218 1924 vocant,
1242 1887 1293 1917 hic

163 1936 310 1966 nosterse
324 1935 429 1965 refert.
452 1935 495 1964 De
518 1934 602 1964 feriis
624 1933 806 1964 esurialibus
829 1934 908 1971 apud
930 1933 1122 1964 Christianos
1138 1934 1174 1964 V.
1198 1935 1291 1965 Card.

163 1982 288 2019 Bolum,
303 1982 381 2012 Ber.
397 1982 600 2020 Liturqicar.
617 1981 644 2016 1,
662 1981 717 2015 21;
735 1979 952 2010 CABAssvrlvm
968 1981 1000 2010 in
1022 1981 1123 2011 Nom.
1141 1982 1227 2012 Sacc.
1244 1982 1290 2017 113

162 2030 196 2058 et
215 2028 333 2058 Lvnov.
356 2028 582 2064 Mvmromvm,
599 2028 776 2066 Disquisit.
803 2027 840 2057 de
864 2028 1003 2058 Ieiuniis
1025 2028 1130 2058 trium
1145 2031 1174 2058 et
1201 2032 1292 2068 quat-

164 2077 240 2104 tuor
257 2077 447 2113 temporum.
