1502 2537
399 176 506 211 ΠΕΡΙ
535 176 792 212 {tw-:cumen
823 185 973 211 umus
1001 184 1013 211 1
1216 176 1263 212 5⁴.)

572 467 783 506 HYMNVS
812 467 832 506 I

170 592 418 648 PASSIO'
451 591 742 647 EMETERII
774 592 849 647 ET
883 591 1231 647 CHELIDONH

376 685 787 730 cumvssamxom‘ii
817 685 1035 729 imminu

140 809 316 850 Sepulcrum
339 811 393 841 SS.
419 811 588 848 Martyrum
611 810 783 840 Chelidonii
808 811 840 839 et
862 810 1009 840 Emeterii
1033 810 1177 844 celebrat.
1197 819 1262 848 pro-

181 859 274 895 digiis
287 858 471 888 caelestibus
485 860 517 887 et
539 858 716 895 populorum
733 857 907 894 frequentia
933 857 1136 889 illustratum.
1154 857 1264 887 Paucis

181 905 219 935 de
240 905 482 943 Calagurritanis
506 905 554 934 his
577 906 762 942 martyribus
779 905 924 939 narratis,
949 905 987 934 ad
1009 905 1087 934 mira
1108 914 1139 935 sc
1170 905 1264 934 refert

182 953 330 991 prodigia,
354 961 431 991 quae
452 953 511 982 loci
534 953 730 982 sanctitatem
754 954 922 982 testantur.

193 1065 335 1113 Scripta
355 1067 443 1103 sunt
469 1065 568 1103 caelo
598 1065 657 1113 (1)
679 1066 829 1103 duorum
851 1068 1049 1113 martyrum
1071 1065 1260 1111 vocabula,

141 1118 272 1156 Aureis
300 1130 391 1166 quae
420 1119 587 1156 Christus
615 1117 690 1155 illic
717 1119 909 1155 adnotavit
936 1119 1092 1155 littoris:

139 1171 340 1219 Sanguinis
367 1172 464 1209 notis
491 1172 614 1208 eadem
645 1171 780 1218 scripta
807 1171 914 1208 terris
941 1172 1106 1208 tradidit.

192 1236 311 1274 Ponet
324 1236 390 1273 hoc
405 1235 491 1273 felix
506 1235 568 1283 per
583 1236 702 1273 orbem
717 1238 813 1273 terra
830 1236 966 1273 Hibera
983 1238 1171 1273 stemmate
1185 1236 1259 1284 (2)3

141 1289 212 1327 Hic
239 1289 340 1326 locus
367 1289 502 1337 dignus
528 1289 696 1326 tenendis
725 1289 868 1326 ossibus
896 1289 997 1326 visus
1026 1290 1115 1335 Deo,
1239 1290 1261 1326 5

138 1342 208 1388 Qui
234 1342 421 1380 beatorum
449 1342 601 1389 pudicus
629 1344 724 1379 esset
750 1342 880 1389 hospes
908 1353 1109 1389 corporum.

191 1406 264 1444 Hic
289 1405 450 1444 calentes
478 1406 601 1444 hausit
628 1407 746 1444 undas
774 1406 881 1444 caede
908 1406 1046 1444 tinctus
1075 1406 1234 1454 duplici3

139 1459 275 1498 Inlitas
302 1471 426 1497 cruore
456 1463 583 1497 sancto
611 1471 709 1497 nunc
737 1471 867 1498 arenas
894 1459 1034 1497 incolae

141 1511 451 1560 confrequentant
478 1513 708 1550 obsecrantes
736 1524 836 1559 voce,
866 1513 975 1559 votis,
1006 1524 1168 1551 munere.

193 1577 317 1615 Exteri
345 1588 410 1614 nec
438 1588 512 1615 non
539 1579 576 1615 et
603 1577 700 1615 orbis
728 1578 799 1615 huc
826 1578 975 1616 colonus
1009 1578 1176 1623 advenit;
1215 1577 1263 1616 10

141 1630 255 1668 Fama
281 1641 367 1667 nam
394 1631 510 1667 terras
537 1629 577 1667 in
604 1641 729 1668 omnes
756 1631 979 1678 percucurrit
1005 1631 1195 1679 proditrix,

141 1682 213 1721 Hic
239 1684 413 1731 patronos
440 1694 517 1720 esse
545 1683 688 1730 mundi,
719 1694 810 1731 quos
836 1685 1026 1732 precantes
1054 1684 1233 1722 ambiant.

178 1804 197 1824 *
218 1807 345 1837 Passio.
357 1806 402 1837 Ut
412 1807 511 1836 obiter
522 1815 659 1836 moneam
678 1807 778 1845 passio
797 1807 877 1845 apud
891 1807 1064 1846 scriptores,
1079 1816 1152 1844 quos
1163 1808 1262 1838 Eccle-
1324 1840 1330 1849 ¹

137 1853 280 1883 siasticos
310 1862 452 1883 vocamus
466 1877 474 1888 ,
498 1855 652 1883 cruciatus
683 1854 840 1889 significat
854 1876 862 1890 ,
885 1857 1072 1891 mortemque
1095 1855 1192 1892 ipsam
1214 1855 1263 1884 do-

138 1908 241 1930 coram
261 1899 503 1931 Christianorum
518 1923 526 1936 ‚
551 1901 601 1937 qui
626 1901 750 1930 sortiter
778 1901 894 1931 Christi
917 1901 1093 1938 religionem
1116 1903 1264 1939 martyrio

141 1947 249 1977 testati
271 1949 357 1977 sunt.
381 1947 533 1978 Carminis
565 1947 677 1976 titulus
712 1948 743 1977 in
766 1947 956 1978 Giseliniana.
983 1947 1069 1978 Edit.
1093 1949 1140 1979 est
1162 1948 1263 1987 huJ'us-

140 1994 239 2024 modi:
261 1995 419 2033 Hymnus
440 1996 476 2023 in
499 1995 647 2024 honorem
671 1995 819 2025 Sanctor.
842 1995 1001 2034 Μονίμη,
1023 1997 1084 2026 etc.

202 2046 247 2084 (1)
267 2047 398 2085 Scripta
419 2051 497 2077 sunt
519 2048 612 2077 coelo.
636 2048 686 2077 Ita
708 2048 740 2077 in
762 2047 848 2078 Edit.
872 2048 999 2079 Giselin.

203 2098 249 2138 (2)
270 2099 451 2131 stemmate.
476 2100 512 2132 V.
535 2099 619 2146 Περὶ
645 2099 745 2146 Στεφ.
771 2100 839 2139 vn,
861 2102 893 2138 5,
918 2102 970 2132 81.
