1502 2537
328 154 439 190 ΠΕΡΙ
467 155 723 191 ΣῚῈΦΑΝΩΝ
755 163 905 191 nYMst
933 164 999 191 xm
1148 155 1224 190 245»

103 275 153 314 Et
187 286 304 313 novus
330 287 372 312 ex
406 275 533 321 veteri,
572 287 637 313 nec
674 276 746 313 iam
775 288 857 314 reus
893 277 958 313 ant
995 287 1143 321 nocens,
1184 278 1225 312 ut

1006 328 1120 378 [ante.
1178 330 1228 364 ιῐι)

102 381 141 420 Si
166 380 304 419 luteum
331 380 431 418 facili
457 381 677 419 charismate
705 387 831 429 pectus
858 382 1014 428 expiasti
1036 382 1111 429 (1),

103 434 193 473 Viso
216 433 335 471 libens
362 434 521 472 tenebris
548 434 735 481 ergastula
762 446 870 472 caeca
897 434 1110 481 dissipatis3

102 486 212 534 Eripe
237 497 406 533 corporeo
434 487 476 523 de
503 499 659 532 carcere,
690 487 915 534 vinculisque
944 487 1069 524 mundi

104 539 212 578 Hanc
237 539 422 576 animam:
454 540 564 578 liceat
591 540 671 577 fuso
699 540 766 577 tibi
795 539 976 587 sanguino
1006 539 1198 582 immolari,

103 593 161 631 Ne
179 603 251 640 qua
269 591 385 630 ferum
403 593 578 640 reprimat
595 593 787 630 clementia
808 593 975 637 iudicem,
997 592 1146 640 tyranni
1176 594 1224 627 (35

103 645 187 684 Neu
213 644 307 683 sciat
335 645 474 682 invidia
503 646 561 693 (2)
591 646 790 689 mitescere,
821 645 974 693 gloriam
1005 657 1152 689 negare.

104 699 162 737 Da
188 709 344 746 quoque,
374 709 420 736 nc
448 699 529 746 quis
566 699 663 736 iners
691 698 740 736 sit
767 699 809 735 sle
837 710 961 745 grege,
992 710 1097 745 quem
1125 700 1227 734 tuum

1027 751 1032 799 Ι
1042 751 1208 797 regebam
1218 780 1225 795 ,

104 804 161 842 Ne
188 804 297 842 cadat
324 804 519 851 impatiens
546 815 697 851 poenae,
728 803 904 841 titubetve
931 803 1013 851 quis
1041 807 1207 847 tuorum3

104 857 329 896 Incolumem
365 860 406 895 ut
442 868 631 894 numerum
669 857 819 894 reddam
857 857 939 901 tibi,
978 856 1209 903 debitumque

817 908 987 959 [solvam.
1020 924 1042 943 »
1072 930 1123 935 —
1180 909 1227 945 70

105 962 264 1001 Vocibus
282 962 340 1000 his
360 962 555 1000 Dominum
584 965 830 1009 permoverat3
862 962 1040 999 influebat
1064 962 1148 999 inde
1169 962 1226 1009 (23)

103 1015 260 1063 Spiritus
287 1016 326 1052 in
353 1015 526 1063 populum
556 1015 804 1063 Carthaginis,
831 1019 956 1052 auctor
985 1015 1135 1053 acrioris

103 1068 268 1117 Ingenii,
298 1068 457 1106 stimulis
485 1070 526 1105 ut
553 1071 699 1115 pectora
727 1068 883 1105 subditis
911 1068 1071 1105 calerent

104 1121 166 1159 Ad
190 1121 299 1159 decus
325 1121 512 1169 egregium
539 1121 748 1159 discrimine
776 1121 970 1168 sanguinis
999 1121 1215 1168 petendum3

104 1175 191 1213 Non
214 1174 395 1222 trepidare
423 1174 569 1220 docens,
601 1186 666 1212 nec
693 1174 831 1220 cedere,
861 1185 927 1212 nec
955 1173 1074 1211 dolore
1101 1174 1214 1217 vinci,

104 1227 242 1266 Laudis
259 1222 382 1265 aniore
398 1227 493 1275 rapi,
516 1227 699 1265 Christum
720 1239 859 1274 sapere,
879 1229 915 1264 et
928 1227 1036 1264 fidem
1054 1226 1159 1264 tueri.
1181 1227 1228 1263 75

104 1281 219 1318 Fama
243 1279 368 1326 refert,
397 1279 540 1318 foveam
567 1280 686 1327 campi
714 1280 753 1317 in
781 1280 899 1317 medio
926 1282 1049 1327 patere
1078 1280 1228 1324 iussam,

105 1333 212 1372 Calce
238 1333 442 1380 vaporifera
469 1344 628 1371 summos
656 1344 765 1380 prope
794 1333 979 1380 margines
1006 1332 1199 1369 refertam:

103 1387 200 1424 Saxa
224 1388 366 1424 recocta
393 1388 545 1423 vomunt
572 1386 709 1434 ignem,
737 1386 936 1433 niveusque
962 1385 1083 1433 pulvis
1110 1385 1227 1431 ardet,

104 1439 216 1478 Urere
242 1441 342 1477 tacta
368 1441 512 1486 potens,
542 1441 578 1476 et
605 1439 765 1476 moitifer
793 1451 835 1476 ex
863 1438 968 1477 odore
996 1438 1120 1476 flatus.

167 1550 218 1590 (l)
241 1551 277 1581 Si
299 1551 432 1581 luteum.
457 1550 636 1580 Coniunctio
657 1552 687 1579 si
709 1550 757 1579 hic
780 1550 934 1586 eleganter·
956 1549 1153 1579 confirmandi
1166 1550 1227 1579 vim

106 1591 215 1626 habet:
239 1595 272 1622 et
293 1592 391 1622 valet:
414 1592 578 1628 siquidem,
610 1592 694 1627 quia,
718 1591 958 1627 quandoquidem
987 1596 1046 1620 etc.
1076 1591 1108 1621 ν’.
1138 1591 1227 1627 Vir-y.

106 1634 220 1670 Geor-9.
243 1633 270 1668 1,
294 1634 324 1664 7.
353 1633 424 1662 Itali
447 1640 565 1669 qnoque
579 1635 687 1670 poetae
708 1632 764 1662 hoc
786 1641 874 1662 sensu
896 1642 928 1662 se
952 1635 1148 1669 usurparunt,
1174 1633 1228 1662 Pe·

105 1676 221 1709 trarca,
245 1674 380 1710 Pulcius‚
404 1674 558 1709 Parinius‚
581 1673 778 1711 Leopardius‚
801 1673 927 1710 aliique.

105 1755 149 1788 IV
166 1715 209 1754 (2)
228 1716 404 1754 tyranni...
439 1715 576 1745 invidia.
618 1715 650 1744 V.
687 1723 762 1751 quae
799 1715 1015 1744 annotavimus
1049 1714 1086 1744 ad
1121 1714 1225 1752 hymn.

151 1779 161 1794 ‚
184 1756 257 1788 133.

168 1797 216 1838 (8)
235 1798 390 1836 influebat
410 1797 485 1827 inde
505 1797 653 1835 spiritus.
690 1797 721 1827 S.
751 1797 958 1833 Augustinus,
991 1796 1042 1832 qui
1067 1796 1226 1826 Orationes

104 1838 264 1870 nonnullas
283 1847 386 1870 sacras
404 1839 442 1868 ad
463 1838 582 1868 laudem
598 1838 628 1868 S.
646 1837 789 1875 Cypriani
807 1837 950 1874 confecit,
964 1838 994 1866 in
1011 1838 1107 1868 Serm.
1122 1837 1227 1867 cccxil

105 1880 180 1910 haec
199 1881 340 1919 scripsit:
365 1891 382 1908 κ
405 1882 473 1910 erat
495 1880 605 1917 quippe
627 1879 720 1908 veluti
744 1880 831 1914 tuba,
849 1888 908 1915 qua
925 1880 962 1908 ad
978 1878 1227 1916 prosternendum

105 1922 246 1959 pretiosis
276 1922 456 1953 Sanctorum
487 1921 636 1950 mortibus
657 1920 809 1949 diabolum
843 1920 965 1950 Christo
989 1919 1171 1955 militantes,
1195 1923 1227 1948 et

104 1963 207 1994 devoti
227 1964 378 2000 martyres
404 1962 631 1993 excitabantur.
657 1972 674 1988 »
697 1961 737 1991 Et
758 1970 862 1991 revera
883 1970 919 1990 ex
948 1962 1115 1998 Martyrum
1139 1961 1226 1990 Actis

104 2005 258 2041 docemur,
278 2004 384 2035 Sancti
407 2003 548 2042 Episcopi
568 2011 701 2032 summos
716 2003 870 2032 cruciatus
884 2003 1049 2040 spectando
1072 2002 1127 2031 ina
1141 2001 1226 2032 Clu-i-

103 2046 274 2076 suanorum
295 2047 419 2083 pectora
439 2044 514 2075 adeo
541 2044 574 2074 in
595 2045 777 2082 martyrium
800 2043 973 2080 incaluisse,
998 2045 1032 2073 ut
1053 2051 1155 2073 omues
1176 2052 1227 2073 ex-

105 2088 223 2119 tramae
241 2087 346 2118 onmia
365 2086 433 2125 pati
453 2085 543 2117 enixe
562 2084 776 2122 efflagitarent.
