1450 2537
183 135 258 175 216
560 146 709 174 Avnsstn
735 145 932 174 PRanN'rn

340 262 410 298 His·
438 272 514 297 soso
535 260 659 298 Aristo
677 261 825 307 purgat3
849 260 888 296 at
911 261 1038 296 contra
1065 260 1217 308 impium

287 315 350 350 Nil
379 315 467 351 haec
495 313 671 351 latronem
700 313 988 351 Christianorum
1019 318 1177 351 movent.

286 367 406 413 Magis
434 367 623 413 magisque
652 366 765 403 fertur
794 366 832 402 in
860 366 1070 403 vesaniam:

285 420 434 464 Quaerit
460 419 602 456 alienus
630 419 784 465 sanguis
811 418 872 455 ille
903 418 962 466 (1)
992 419 1213 466 adsperserit

287 473 426 517 Virum,
458 483 523 509 suo
551 483 596 508 ne
624 472 769 509 fluxerit
797 472 838 508 de
866 472 1028 509 vulnere.
1201 473 1301 510 1005

338 525 539 572 Respondit
556 524 614 562 his
642 526 841 562 Ronmvs:
866 545 916 551 —
945 539 967 560 «
987 526 1136 572 Eccum,
1158 528 1302 629 pfi·aest0

1197 590 1298 616 sum:

285 632 389 667 Meus
417 630 485 667 iste
514 629 666 677 sanguis
695 641 801 668 verus
829 632 897 676 est⁷
929 642 1003 668 non
1029 631 1211 676 bubulus3
1247 661 1251 663 .

285 683 468 730 Agnoscis
495 683 600 720 illum
630 682 705 731 (2),
737 695 843 730 quem
870 684 1011 730 loquor,
1041 685 1240 722 miserrime

285 737 449 783 Pagane,
481 736 592 773 vestri
620 736 838 783 sanguinem
867 748 1011 775 sacrum
1039 738 1157 783 bovis,

285 790 395 827 Cuius
423 789 531 826 litata
557 789 666 826 caede
696 789 756 838 (3)
785 790 1085 836 permadescitis?
1199 789 1300 828 1010

336 844 505 879 Summus
523 842 691 879 sacerdos
707 842 765 891 (4)
781 854 924 889 nempe,
947 843 1014 880 sub
1031 845 1165 880 terram
1179 844 1302 882 scrobe

285 896 391 942 Acta,
423 895 461 931 in
488 895 708 941 profundum
735 896 1002 933 consecrandus
1030 897 1221 944 mergitur,

283 949 373 986 Mire
400 948 583 987 infulatus
611 948 687 998 (5),
717 948 813 987 festa
840 949 945 987 vittis
971 951 1135 997 tempora

178 1083 223 1112 vel
245 1082 390 1112 arctando
403 1105 412 1119 ,
434 1082 528 1112 verba
559 1090 675 1119 quoque
696 1084 879 1119 extorqueat
907 1092 974 1113 cum
997 1083 1104 1119 lingua
1125 1083 1301 1121 chirurgum

177 1126 274 1162 ipsum
305 1133 425 1161 prorsus
445 1124 573 1154 nescire.
596 1125 664 1161 Ipse
687 1128 789 1154 lamen
818 1134 885 1154 cum
915 1125 1094 1154 Forcellinio
1121 1126 1301 1156 crediderim

176 1169 297 1203 poetam
320 1166 409 1195 verbo
435 1174 519 1194 usum
543 1165 636 1195 fuisse
662 1167 817 1203 suyqillet
845 1176 897 1203 pro
922 1170 1086 1204 suyyerat,
1110 1168 1188 1202 quod
1213 1171 1261 1198 est
1282 1177 1301 1198 a

176 1208 235 1236 sub
258 1211 288 1235 et
307 1217 394 1244 μενο,
418 1215 581 1242 ausamque
602 1208 746 1244 praebuit
768 1207 876 1236 italico
899 1208 987 1236 verbo
1009 1209 1185 1245 suqqerire.

237 1249 281 1285 (1)
297 1249 426 1277 alienus
444 1249 584 1285 sanquis
595 1249 663 1283 ille,
679 1257 780 1277 omnes
795 1249 881 1279 codd.
900 1248 1044 1284 Hemss„
1061 1253 1093 1278 et
1112 1250 1210 1282 Yatic.
1223 1259 1300 1280 unus

176 1290 386 1326 perantiquus.
410 1306 450 1311 —
470 1289 572 1319 Editt.
596 1290 710 1319 muitae
730 1290 870 1319 Alienus
890 1292 1028 1327 sanquis
1049 1291 1159 1320 illum.

240 1332 283 1368 (2)
307 1332 455 1368 ceynoscis
475 1331 584 1366 illum,
600 1332 778 1367 sanguinem
800 1331 990 1361 bubulinum.

240 1373 285 1410 (3)
309 1373 404 1401 litata
426 1372 528 1407 caede,
551 1372 637 1401 cuius
659 1373 744 1403 bovis
765 1372 850 1402 litati
883 1373 1030 1408 sanguine
1062 1373 1135 1402 estis
1158 1374 1298 1411 respersi.

241 1414 285 1450 (4)
307 1415 463 1443 Summus
472 1413 657 1444 sacerdos...
667 1415 732 1444 Non
746 1414 911 1451 imperator
925 1415 945 1442 A
953 1415 1089 1450 ugustus,
1098 1415 1150 1444 sed
1157 1415 1300 1445 Pontifex

179 1455 257 1484 alius
291 1456 343 1490 qui
373 1456 527 1492 praeesset
548 1455 647 1484 ordini
668 1456 871 1484 sacerdotum.
903 1456 960 1484 Hic
985 1459 1056 1485 ve‘ro
1077 1456 1114 1485 de
1142 1459 1299 1486 taurorum

175 1496 325 1525 sacrificio
347 1500 393 1525 ost
413 1505 525 1532 sermo,
547 1496 599 1532 qui
620 1496 653 1525 in
674 1497 769 1526 sacris
791 1497 913 1526 deorum
935 1497 1045 1526 Matris
1079 1499 1300 1534 mactarentur,

177 1538 314 1573 quodque
341 1538 555 1567 taurobolium
585 1538 754 1568 dicebatur.
778 1539 820 1567 De
854 1538 908 1567 hoc
940 1547 1026 1567 sacro
1057 1538 1145 1575 plura
1176 1540 1301 1577 scripsit

178 1581 301 1608 ΑΝΤΟΝ.
317 1578 475 1609 DAanvs
490 1579 523 1608 in
537 1580 711 1610 Dissertat.
727 1580 765 1608 de
783 1580 996 1609 Tauroboliis.
1012 1579 1100 1609 Anno
1115 1589 1184 1609 vero
1199 1588 1300 1609 mnccv

177 1620 337 1656 inscriptio
358 1621 465 1649 effossa
479 1622 526 1650 est
547 1621 685 1656 Lugduni
707 1620 740 1650 in
761 1621 848 1656 colle,
871 1621 919 1649 cui
946 1629 1053 1650 nomen
1077 1622 1298 1657 Fourrvieres,

177 1662 227 1690 ubi
251 1670 328 1690 nunc
350 1661 497 1699 templum
520 1662 638 1698 insigne
660 1663 695 1691 B.
720 1662 840 1698 Virgini
868 1662 986 1691 Mariae
1012 1663 1180 1692 excitatum
1205 1663 1298 1691 invis-

175 1704 256 1732 situr
278 1711 390 1738 magna
412 1703 587 1732 mortalium
620 1703 804 1739 frequentia.
827 1703 862 1732 In
896 1703 1067 1732 istiusmodi
1101 1704 1300 1741 inscriptione

175 1744 377 1773 taurobolium
399 1747 587 1773 memoratur
613 1745 742 1780 factum,
764 1745 934 1781 imperante
956 1744 1110 1774 Antonino
1130 1745 1197 1780 Pio,
1221 1754 1299 1774 anno

175 1785 346 1814 christiano
368 1793 440 1819 cmm
465 1794 591 1821 eamque
613 1786 697 1815 adire
718 1786 793 1815 licet
824 1787 856 1815 in
888 1786 1108 1815 Montfauconii
1130 1786 1238 1822 Antiq.
1261 1787 1297 1816 T.

174 1826 216 1857 II.
240 1826 302 1856 cfr.
320 1828 352 1855 et
366 1827 529 1856 GnAnva
554 1828 712 1856 Thesaur.
737 1828 848 1866 Antiq.
872 1828 907 1858 T.
932 1827 984 1864 VI,
1007 1827 1043 1856 P.
1067 1827 1120 1862 IV,
1137 1837 1168 1858 v.
1186 1829 1222 1861 7:
1247 1829 1296 1857 ubi

175 1876 281 1904 nempe
303 1867 339 1897 de
363 1868 553 1897 Taurobolio
585 1868 738 1898 luculenta
753 1871 801 1898 est
831 1868 959 1899 Dissert.
989 1868 1128 1906 Philippi
1151 1877 1170 1898 a
1190 1869 1297 1906 Turre,

176 1908 289 1938 Adriae
310 1909 473 1946 pontificis.

237 1950 281 1988 (5)
305 1951 389 1979 Mire
409 1951 586 1987 infulatus.
610 1950 702 1981 Codd.
727 1950 894 1980 Weitziani
916 1951 1041 1980 maioris
1057 1959 1161 1984 mom.‚
1185 1951 1220 1981 et
1239 1950 1295 1980 Va-

174 1991 282 2019 ticani.
307 2008 345 2012 —
368 1992 514 2021 Hnmsws
537 1992 603 2020 vult
624 1993 725 2022 mitra
747 1992 924 2030 infulatus,
947 1993 1006 2021 etsi
1023 1992 1180 2029 pontifices
1201 1993 1298 2021 mitra

173 2032 330 2061 redimitos
351 2041 499 2068 nusquam
527 2033 668 2069 legimus,
683 2042 760 2070 quae
776 2034 921 2064 muliebre
942 2036 1154 2064 ornamentum
1176 2034 1298 2071 proprie

173 2075 251 2104 erat.
275 2074 311 2103 V.
347 2073 511 2120 Rati-qu„
538 2075 595 2112 IX,
618 2077 649 2106 5.
