1450 2537
209 155 283 193 220
586 165 736 193 AVRELII
763 165 961 192 PRVDENTH

316 280 373 316 sie
401 280 554 317 daemon
581 279 661 327 ipso
687 278 782 316 ludit
810 278 891 324 hos,
923 289 1012 325 quos
1041 278 1191 325 ceperit,

314 334 427 370 Docet
454 333 693 370 exsecrandas
722 331 813 368 ferre
841 331 1094 377 contunwlias,

315 387 508 423 Tormenta
536 385 634 422 inuri
661 385 814 422 mandat
842 384 1062 421 infelicibus.
1234 385 1329 424 1090,

364 440 415 475 At
443 439 564 475 noster
592 438 660 475 iste
688 437 841 484 sanguis
869 449 911 474 ex
939 439 1060 474 vestra
1088 437 1169 474 fluit

315 491 558 528 Crudelitate:
589 502 654 528 vos
682 490 876 538 tyrannide
905 490 1017 537 impia

312 544 538 581 Exulem-atis
567 544 802 580 innocentum
831 554 994 592 corpora.

311 597 348 633 Si
377 609 440 634 vos
468 597 615 643 sinatis,
647 597 834 633 incruente
862 597 1042 640 vivimus;

312 651 364 687 At
391 650 423 687 si
450 652 596 687 cruente
624 650 833 696 puniamur,
865 650 1059 687 vincimus,
1226 649 1328 686 1095

366 703 434 740 Sed
461 703 535 739 iam
564 703 698 740 silebo:
732 703 817 740 finis
845 703 960 740 instat
988 703 1145 748 debitus,

313 756 415 793 Finis
444 756 635 800 malorum,
666 755 849 803 passionis
877 756 1017 803 gloria:

314 809 394 845 Iani
423 820 496 846 non
523 809 660 854 licebit,
693 809 866 855 improbe⁷
898 810 939 846 ut
966 808 1070 846 licuit
1099 809 1217 856 modo,

313 863 491 909 Torquere
519 864 646 911 nostra
674 862 729 899 vel
760 874 880 899 secare
910 863 1071 906 viscera3

314 915 429 952 Cedas
457 927 602 953 necesse
629 916 685 952 est
714 914 830 952 victus
859 917 895 952 et
922 915 995 952 iam
1025 915 1185 952 desinas.
1232 914 1333 952 1100
1371 962 1374 964 v

366 969 532 1006 Cessabit
558 968 723 1015 equidem
750 970 864 1005 tortor
882 970 918 1005 et
936 970 1052 1006 sector
1071 968 1215 1005 dehinc.
1240 981 1261 1002 »
1282 978 1334 994 ‘—

312 1021 426 1058 Iudex
454 1021 638 1059 minatur:
675 1044 718 1047 —-
753 1035 774 1056 «
804 1021 866 1058 sed
893 1021 1131 1069 peremptoris
1159 1032 1292 1059 manus

312 1075 485 1112 Succedet
512 1074 587 1113 illis
615 1074 883 1122 strangulatrix
909 1074 1091 1119 faucium3

311 1127 430 1164 Aliter
458 1128 563 1165 silere
592 1128 708 1165 nescit
736 1127 807 1164 oris
837 1127 977 1174 garruli

312 1181 391 1219 Vox
410 1181 588 1228 inquieta,
611 1192 720 1228 quam
734 1181 860 1217 tubam
881 1181 912 1218 si
927 1181 1081 1228 fregero.
1098 1198 1119 1214 2>
1152 1201 1199 1207 --
1233 1180 1332 1218 1105

365 1234 482 1279 Dixit,
512 1234 658 1281 foroque
687 1234 850 1281 protrahi
879 1233 988 1271 iussit
1016 1234 1150 1279 virum,

311 1287 423 1324 Trudi
450 1287 490 1324 in
518 1287 686 1324 tenebras
714 1286 871 1324 noxialis
902 1286 960 1335 (1)
990 1287 1167 1324 carceris:

310 1340 427 1377 Elidit
453 1340 528 1377 illic
556 1340 643 1377 fune
672 1339 804 1377 collum
834 1340 1005 1388 martyris

309 1393 432 1430 Lictor
459 1393 653 1430 nefandus.
686 1393 743 1430 Sic
771 1395 918 1440 peracta
945 1395 1000 1431 est
1029 1392 1170 1439 passi03

310 1447 447 1484 Anima
475 1447 643 1483 absoluta
671 1446 828 1483 vinculis
856 1446 996 1483 caelum
1025 1447 1128 1493 petit.
1230 1444 1331 1483 1110

365 1500 477 1536 Gesta
505 1500 695 1537 intimasse
726 1499 784 1548 (2)
815 1502 947 1536 cuncta
974 1499 1087 1536 fertur
1117 1498 1279 1546 Principi

311 1553 538 1599 Praefectus,
570 1553 710 1590 addens
739 1553 901 1589 ordinem
929 1552 1170 1595 voluminum,

309 1606 513 1655 Seriemque
540 1607 666 1643 tantae
696 1605 864 1653 digerens
892 1605 1100 1653 tragoediae
1131 1605 1205 1654 (3).

268 1747 312 1784 (l)
336 1746 490 1776 Noxialis
511 1747 660 1777 carceris.
685 1746 794 1775 Vocem
823 1745 968 1775 noxialis
990 1746 1122 1775 vidimus
1150 1754 1241 1783 supra
1259 1745 1329 1777 114.

269 1794 313 1832 (2)
335 1798 424 1832 qesta
454 1795 623 1823 intimasse
654 1795 768 1830 fertur.
792 1793 913 1822 Dicitur
935 1793 1128 1830 Asclepiades
1156 1802 1203 1823 res
1230 1797 1332 1829 gestas

205 1836 349 1865 detulisse
370 1836 408 1865 ad
436 1836 616 1873 principem,
640 1837 860 1870 certioremque
891 1844 960 1864 eum
984 1835 1090 1864 fecisse
1113 1835 1149 1864 de
1177 1834 1332 1868 omnibus,

206 1887 282 1913 quae
305 1878 336 1905 in
361 1878 507 1914 martyrio
530 1877 657 1906 Romani
681 1880 853 1906 evenerant.
878 1893 917 1898 —
940 1877 1110 1910 intimare,
1135 1876 1258 1905 verbum
1281 1881 1332 1905 est,

206 1920 243 1948 ad
266 1919 432 1954 sequiorem
449 1918 638 1948 latinitatem
656 1919 820 1955 pertinens,
837 1920 869 1947 et
883 1918 1043 1954 respondet
1058 1918 1165 1947 italico
1186 1918 1330 1954 m'ferire,

205 1969 256 1989 sen
280 1961 457 1997 informare
478 1963 696 1990 esattamente.

268 2007 318 2046 (3)
331 2008 511 2046 Ser-ianque
524 2011 632 2036 {antae
645 2009 790 2046 diriyens
805 2003 994 2045 [ναροὲἄῐαε.
1010 2006 1174 2036 Dolendum
1189 2006 1328 2043 equidem

205 2050 356 2078 nostrates
370 2051 485 2086 poetas,
503 2052 571 2086 post
585 2053 708 2078 renatas
729 2050 850 2079 litteras
864 2050 982 2085 graecis
1003 2048 1227 2085 exemplaribus
1243 2048 1331 2077 uniee

204 2090 337 2127 defixos,
371 2091 455 2120 nulla
484 2095 687 2127 argumenta,
710 2091 781 2120 dum
814 2090 932 2120 fabulas
965 2090 1100 2126 tragicas
1126 2090 1268 2120 docerent
1313 2098 1330 2120 e
