1502 2537
0 2103 36 2294 ’,τῑΐξΛ-ξτ-’ν-
22 2083 26 2085 ‚
0 1967 18 2038 ·,υ-.-’
0 1939 14 1951 ⁴.

0 2295 31 2537 μῇῃᾌςῇηψ,

510 176 721 204 mineorum
748 176 859 205 mnu
1177 169 1252 206 257

128 289 209 325 vlu.
234 309 280 315 —
307 289 473 334 Hymnus
498 289 581 324 Post
607 289 789 324 munium
838 318 846 326 .
896 316 905 324 .
955 316 963 325 .
1017 316 1026 326 .
1075 304 1157 337 paq.
1207 295 1253 328 415

174 354 309 390 Carmen
324 354 511 400 sapphicum
526 354 818 400 endecasyllabum
833 356 985 389 constans
997 356 1159 397 trochaeo,

58 439 86 451 ,Α
127 401 299 448 spondaeo,
325 401 463 447 dactylo,
489 405 522 437 et
548 401 671 437 dnobus
698 401 860 436 trochaeis
885 402 944 437 hoc
972 403 1088 438 inodo:

175 532 315 575 Quartus
332 543 406 568 vero
424 533 554 578 quisque
573 533 709 568 adonius
726 535 787 574 esu
805 535 957 569 constans
975 534 1102 581 dactylo
1128 540 1158 571 et

127 579 298 626 spondaeo,
322 579 382 615 hoc
408 580 520 616 modo:

556 653 676 666 ..νυ
704 638 709 668 Ι
737 659 811 666 --

88 734 89 737 =
127 715 179 752 lx,
195 735 242 742 -
267 715 435 761 Hymnus
461 714 585 751 Omnis
610 715 731 750 Horae
779 742 1088 754 ......
1140 732 1157 749 »
1208 720 1253 753 49

175 779 311 816 Carmen
328 780 540 824 trochaicum,
555 782 796 822 tetrametrum,
811 781 1013 825 monocolon,
1028 782 1160 817 tristro-

127 827 234 873 phon,
272 827 506 862 catalecticum.
546 827 680 861 Paribns
717 827 796 862 locis
826 828 924 863 habet
960 829 1160 873 trochaeum,

127 874 334 920 spondaeum,
367 879 398 910 et
429 885 670 919 nonnumquam
701 879 932 920 anapaestum;
967 877 1156 922 imparibus,

127 921 328 963 trochaeum,
353 921 567 966 tribrachum,
593 924 626 956 et
651 921 828 967 dactylum,
853 923 912 958 hoc
936 923 1042 958 modo:

215 979 1150 1011 -υΙ--Ι-υΙ--Ι-υΙ-υΙ-υν

127 1064 167 1100 Χ.
191 1083 238 1091 —-
264 1064 432 1110 Hymnus
457 1064 505 1099 In
529 1064 724 1108 Exsequiis
748 1063 1019 1106 Defunctorum.
1072 1093 1081 1101 .
1141 1082 1157 1098 »
1209 1068 1251 1102 54

175 1129 309 1165 Carmen
336 1129 539 1172 monocolon,
564 1129 819 1175 anapaesticnm,
837 1129 1025 1171 dimetrum,
1044 1131 1161 1166 catale-

129 1177 264 1215 cticum.
291 1176 427 1212 Constat
451 1177 559 1212 tribus
576 1177 758 1222 anapaestis
791 1179 825 1212 et
849 1177 983 1223 syllaba,
1017 1179 1161 1223 quamvis

129 1223 324 1260 Prudentius
361 1224 542 1269 promiscue
572 1222 695 1258 duabus
721 1224 885 1268 prioribus
921 1226 1050 1261 sedibus
1087 1237 1161 1259 aua·

127 1273 238 1317 pacato
269 1273 303 1306 et
326 1271 485 1317 spondaeo
514 1273 649 1313 utatur;
674 1271 774 1306 tertia
798 1282 873 1307 vero
906 1276 1078 1317 anapaesto
1113 1278 1162 1308 est

128 1317 310 1364 peculiaria,
334 1318 395 1354 hoc
420 1318 533 1354 modo:

487 1374 859 1407 υυ-Ιυυ-Ι.

129 1459 183 1497 xl.
209 1480 255 1486 —
279 1460 448 1506 Hymnus
476 1459 604 1495 Octavo
632 1458 810 1494 calendas
834 1460 1046 1495 Ianuarias.
1079 1486 1088 1496 .
1142 1475 1159 1492 »
1211 1463 1252 1496 61

175 1524 310 1561 Carmen
324 1524 511 1567 iambicum,
525 1524 713 1568 dimetrum,
727 1524 989 1566 acatalecticum;
1005 1525 1162 1570 recipiens

130 1572 208 1608 locis
222 1572 400 1618 imparibus
414 1571 608 1617 spondaeum
617 1599 627 1616 ‚
641 1573 674 1606 et
687 1582 915 1616 nonnunquam
933 1576 1139 1617 anapaestum
1152 1586 1161 1614 ;

131 1620 262 1666 paribus
287 1630 362 1654 vero
387 1619 544 1660 iambum,
558 1619 619 1654 hoc
645 1618 757 1654 modo:

451 1675 931 1707 --lv-l--luv

131 1759 199 1796 ΧΠ.
224 1779 273 1787 —
297 1760 466 1806 Hymnus
489 1761 726 1805 Epiphaniae
782 1785 1087 1796 ......
1140 1775 1158 1792 »
1210 1762 1254 1796 66

176 1807 271 1843 Ratio
296 1807 452 1842 carminis
476 1807 574 1843 huius
599 1807 749 1843 convenit
775 1817 847 1843 cum
873 1807 1050 1853 superiore.
