1502 2537
364 161 472 196 ΠΕΡΙ
501 161 757 197 ΣΤΕΦΑΝΩΝ
790 168 940 196 umnvs
966 169 1019 196 vu
1197 157 1270 195 159

362 282 433 320 Hic
462 282 530 320 sub
557 281 703 321 Galerio
730 281 834 327 duce,

415 335 485 381 Qui
512 337 600 373 tunc
628 334 798 383 Illyricos
825 334 930 372 sinus

416 389 582 436 Urgebat
607 387 821 431 ditionibus,

419 442 544 479 Fertur
571 440 791 479 catholicam
819 440 927 478 fidem

418 494 638 532 Inlustrasse
665 505 728 541 per
754 493 904 531 exitum.
1223 494 1271 530 10

362 547 446 585 Non
478 547 581 584 illum
609 546 725 594 gladii
752 546 865 594 rigor,

416 601 501 637 Non
531 599 714 646 incendia,
744 610 817 636 non
847 598 942 637 ferae

416 652 560 690 Crudeli
588 652 738 690 interitu
766 654 914 697 necant,

415 706 483 743 Sed
510 705 670 753 lymphis
697 704 909 742 fluvialibus

416 760 570 805 Gurges,
599 759 684 796 dum
713 758 823 804 rapit,
854 758 984 795 abluit.
1224 757 1270 794 15

362 811 396 848 N
403 812 427 848 il
456 811 579 857 refert,
610 811 722 848 vitreo
750 821 902 858 aequore
931 810 1006 859 (1),

416 866 476 902 An
505 864 547 901 de
575 863 724 901 flumine
752 863 946 911 sanguinis

414 917 578 964 Tinguat
604 916 726 963 passio
755 918 972 963 martyrem:

415 971 540 1017 Aeque
566 969 684 1017 gloria
710 969 876 1016 provenit

415 1022 545 1060 Fluctu
571 1021 732 1069 quolibet
757 1021 868 1059 uvida
896 1022 970 1069 (2).
1225 1023 1273 1059 20

360 1076 507 1114 Summo
534 1075 657 1122 pontis
683 1075 730 1113 ab
756 1074 862 1112 ardui

412 1129 568 1166 Sanctae
594 1127 711 1175 plebis
737 1127 926 1175 episcopus

415 1182 461 1219 In
489 1192 660 1228 praeceps
687 1180 798 1218 fluvio
825 1180 946 1226 (latur,

413 1235 636 1281 Suspensum
663 1233 792 1281 laqueo
819 1245 951 1281 gerens

414 1286 585 1334 Ingentis
611 1286 769 1334 lapidem
797 1287 926 1324 molae.
1223 1288 1270 1323 25

363 1339 550 1377 Deiectum
578 1339 824 1387 placidissimo

415 1393 548 1430 Amnis
575 1393 707 1430 vertice
734 1392 901 1440 suscipit,

414 1446 492 1483 Nec
518 1445 634 1493 mergi
661 1446 800 1493 patitur
826 1446 911 1492 sibi,

415 1498 522 1536 Miris
549 1501 655 1536 vasta
682 1498 870 1536 natatibus

416 1551 500 1589 Saxi
527 1551 687 1598 pondera
714 1551 915 1589 sustinens.
1223 1553 1272 1590 30

362 1604 580 1651 Suspectam.
606 1604 747 1641 eminus
775 1616 793 1641 e
821 1603 896 1642 solo

416 1657 605 1694 Doctorem
631 1657 756 1704 pavidi
783 1669 935 1705 g1·eges;

415 1709 513 1746 Nam
541 1710 677 1747 Christi
704 1709 859 1757 populus
886 1709 1056 1758 frequens

417 1762 591 1809 Riparum
619 1762 828 1799 sinuamina

416 1815 556 1862 Stipato
583 1815 729 1864 agmine
757 1817 954 1862 saepserat.
1223 1818 1271 1856 35

214 1918 260 1957 (1)
282 1920 380 1949 vitreo
405 1929 548 1958 aequore.
576 1919 715 1950 Vitreum
742 1920 815 1950 item
841 1922 967 1958 pontum
993 1921 1159 1952 Venusinus
1184 1924 1274 1960 poeta

152 1960 288 1998 appellat
308 1961 457 1999 Lyricor.
480 1960 533 1995 IV,
557 1960 588 1996 2,
611 1961 642 1996 3,
665 1961 703 1990 ad
724 1961 927 1992 denotandum
950 1963 1046 1993 maris
1066 1962 1205 1998 viridem,
1221 1972 1272 1994 seu

153 2001 302 2032 ceruleum
318 2006 350 2032 et
365 2002 543 2039 pellucidum
559 2002 697 2032 colorem.

214 2042 259 2078 (2)
278 2043 381 2079 fluctu
407 2043 544 2081 quolibet
569 2043 678 2074 uvida.
702 2044 737 2073 In
765 2043 852 2073 unius
880 2044 980 2075 vatio.
1008 2044 1106 2082 glossa
1127 2045 1270 2084 legimus:

155 2093 172 2111 α
187 2084 334 2122 sanguine
349 2093 387 2114 au
403 2093 483 2122 aqua
499 2084 672 2115 humefacta
695 2094 725 2115 ».
