1450 2537
144 140 193 178 86
524 149 674 176 Avassmi
703 147 899 174 PRVDENTII

357 264 509 300 Armata
536 262 718 309 pugnavit
745 261 848 306 fides,

303 317 445 363 Proprii
473 315 611 353 cruoris
639 314 816 361 prodiga;

303 371 398 407 Nam
429 370 542 406 morte
570 369 720 405 mo1tem
750 367 876 412 diruit,

303 425 358 461 Ac
386 423 498 459 semet
528 420 586 469 (1)
616 421 795 467 impendit
823 419 906 457 sibi.
1223 421 1272 458 20

355 476 443 512 Fore
471 475 539 512 hoc
567 474 733 512 sacerdos
763 473 903 510 dixerat

301 529 381 566 Iam
412 529 562 576 Xystus,
593 527 736 564 adfixus
764 526 862 563 cruci
893 526 969 575 (2),

301 583 553 620 LAURENTIUM
581 580 727 617 flentem
756 579 884 617 videns

304 634 429 674 Crucis
458 634 526 672 sub
554 633 632 680 ipso
662 632 808 680 stipite:

357 687 500 725 Desiste
529 686 690 724 discessu
720 697 797 723 meo

303 741 447 778 Fletum
476 739 636 778 dolenter
664 739 837 776 fundere:

303 794 499 839 Praecedo,
531 792 666 837 fratem
698 794 740 830 tu
769 803 910 840 quoque

306 848 394 885 Post
421 847 488 884 hoc
517 846 678 894 sequeris
705 845 881 883 triduum.

355 901 527 938 Extrema
554 910 624 937 vox
650 898 807 947 episcopi

302 952 602 991 Praenuntiatrix
628 951 766 1001 gloriae
1225 952 1276 990 30

302 1007 409 1045 Nihil
436 1006 586 1051 fefeHit;
619 1017 705 1043 nam
735 1005 810 1043 dies

304 1059 498 1098 Praedicta
525 1059 686 1106 palmam
712 1058 911 1106 praestitit.

357 1114 437 1159 Qua
463 1124 564 1159 voce,
595 1112 745 1160 quantis
770 1112 943 1149 laudibus

305 1167 500 1205 Celebrabo
528 1165 656 1204 mortis
685 1166 876 1203 ordinem?

303 1221 380 1266 Quo
408 1220 616 1267 passionem
643 1219 803 1257 carmine
1224 1218 1274 1254 535

304 1273 425 1321 Digne
452 1274 618 1311 retexens
645 1272 864 1310 concinam?

357 1326 430 1364 Hic
456 1326 596 1374 primus
625 1337 643 1363 e
671 1326 809 1372 septem
835 1325 925 1362 viris
956 1325 1031 1375 (3),

304 1380 373 1426 Qui
401 1380 504 1417 stant
532 1380 580 1417 ad
607 1390 709 1416 aram
737 1378 905 1425 proximi,

266 1459 285 1462 Η
305 1432 434 1471 Levita
461 1432 628 1471 sublimis
656 1432 788 1480 gradu,

304 1487 354 1524 Et
380 1485 509 1524 ceteris
536 1485 795 1533 praestantior,
1227 1484 1278 1521 40

358 1539 538 1577 Claustris
565 1534 750 1577 sacrorum
780 1538 838 1587 (4)
869 1538 1050 1586 praeerat,

307 1592 482 1631 Caelestis
510 1604 685 1631 arcanum
713 1592 841 1630 domus

1224 687 1247 723 rs
1242 674 1245 675 ,

1253 687 1274 723 C!

209 1735 253 1773 (1)
278 1736 324 1764 Ac
345 1737 480 1764 semet...
505 1733 670 1770 vitamque
691 1733 838 1764 caducam
861 1732 958 1769 dedit,
983 1733 1146 1770 posuitque
1166 1731 1278 1768 libens,

146 1777 194 1807 uti
219 1778 374 1806 aeternam
397 1777 641 1812 consequeretur.

210 1824 253 1862 (2)
278 1824 408 1860 adfixus
431 1824 533 1853 cruci.
557 1823 662 1853 Omnis
684 1822 803 1859 generis
824 1822 1012 1852 cruciatibus
1025 1829 1195 1858 oppressus.

210 1870 254 1907 (3)
276 1881 290 1899 e
321 1873 437 1908 septem
470 1870 563 1900 viris.
586 1869 679 1907 Xysti
712 1869 804 1899 Pont.
829 1870 913 1899 Max.
947 1870 1083 1905 tempore
1117 1867 1278 1897 admodum

145 1914 261 1949 septem
278 1913 308 1940 in
324 1912 461 1941 Romana
476 1911 613 1941 Ecclesia
638 1911 782 1941 diaconos
808 1910 900 1940 fuisse
922 1919 960 1940 ex
976 1909 1111 1940 hocloco
1132 1910 1278 1939 eruimus.

147 1953 184 1984 V.
209 1953 321 1983 Evsssss.
345 1953 398 1989 IV,
423 1962 451 1983 c.
475 1953 567 1983 XLuI.

209 2001 252 2037 (4)
277 2000 442 2030 Claustris
469 2010 592 2030 sacror.
626 1999 922 2029 Archidiaconorum
955 1997 1019 2027 fuit
1050 1997 1130 2027 sacri
1165 1997 1279 2027 aerarii

147 2042 318 2071 custodiam
342 2050 463 2078 gerere,
492 2042 713 2079 pecuniamque
735 2050 754 2070 a
776 2040 964 2071 Christianis
996 2039 1133 2069 oblatam
1166 2047 1278 2077 paupe-

148 2084 232 2113 ribus
255 2083 426 2120 dispertiri.
