1450 2537
137 146 214 184 234
521 153 670 181 AVRELH
698 152 896 180 annnn'ru

137 270 263 308 Prisco
303 279 399 306 more
443 267 552 314 diem,
583 277 689 315 quem
725 266 762 304 te
805 275 961 313 quoque,
1006 265 1132 302 sancte
1163 275 1239 301 ma·
1300 263 1305 266 “
1346 278 1378 285 ’»
1424 252 1427 253 ⁷

1025 315 1171 368 [gister,
1203 315 1264 367 (1)

192 377 330 413 Annua
357 374 451 411 festa
479 373 574 410 inter
602 372 830 410 dinumerare
858 369 983 408 velim.

140 429 264 474 Crede,
296 427 514 474 salutigeros
542 426 633 463 feret
659 425 718 462 hic
748 423 1007 461 venerantibus
1036 424 1151 469 ortus,
1191 422 1267 461 235

192 481 301 519 Lucis
329 480 528 517 honoratae
556 478 719 525 praemia
745 477 955 514 restituens.

139 535 242 572 Inter
270 533 449 571 solemnes
477 531 666 579 Cypriani,
697 529 755 568 vel
784 529 988 575 Chelidoni,

192 586 431 633 Eulaliaeque
460 585 537 622 dies
565 585 689 622 currat
716 585 752 621 et
779 582 848 620 iste
875 583 961 620 tibi.

139 640 196 678 Sic
225 641 260 676 te
291 638 349 688 (2)
380 649 444 686 pro
472 637 620 685 populo,
650 636 754 674 cuius
782 635 851 673 tibi
879 635 1018 673 eredita
1047 635 1125 672 vita
1152 635 1222 679 est,
1247 660 1254 663 <

193 693 368 731 Orantem
398 691 566 728 Christus
595 690 723 728 audiat
750 689 996 736 omnipotens.
1193 688 1269 725 240

140 747 198 783 Sic
225 745 294 782 tibi
323 746 364 782 de
392 744 499 791 pleno
526 744 634 790 lupus
662 742 874 780 excludatur
902 741 1003 787 ovili,

194 800 306 845 Agna
334 809 400 835 nec
427 797 505 834 ulla
533 798 638 833 tuum
666 796 775 843 capta
803 806 952 843 gregem
980 794 1135 831 minuat.

142 852 200 889 Sic
227 863 298 897 me,
329 850 517 898 gramineo
545 851 794 887 remanentem
822 848 976 895 denique
1003 857 1146 894 campo,

194 905 348 942 Sedulus
377 904 564 950 aegrotam
592 904 718 949 pastor
746 913 848 939 ovem
875 900 1024 938 referas.
1139 896 1143 899 ’

141 957 214 1002 Sic,
245 969 356 1005 quum
384 956 550 994 lacteolis
578 955 704 993 caulas
732 954 968 1002 compleveris
996 953 1121 1001 agnis,
1195 953 1271 990 240

193 1011 337 1057 Raptus
365 1011 402 1047 et
430 1009 506 1056 ipse
535 1020 638 1047 sacro
665 1008 717 1046 sis
745 1019 863 1046 comes
892 1008 1138 1059 ΗῐΡΡοωζτο.Ι

204 1134 248 1170 (1)
271 1134 385 1162 Sancte
405 1133 572 1170 maqisier.
596 1131 768 1161 Valeriane.

205 1188 249 1219 (2)
271 1188 325 1215 Ξῐο
346 1189 374 1214 te
392 1195 455 1223 pro
476 1185 605 1223 popule.
629 1185 664 1213 Iu
687 1183 787 1220 glossa
820 1183 909 1212 unius
943 1183 1044 1213 Vatic.
1068 1182 1114 1211 sie
1137 1181 1270 1218 legitur:

147 1239 160 1255 v<
176 1228 360 1257 Aslinvantis
375 1230 438 1261 est;
455 1227 485 1256 id
500 1229 559 1262 esi,
575 1227 600 1255 si
618 1226 672 1255 hoc
689 1225 808 1260 sever&
828 1228 900 1253 tunc
918 1225 948 1253 te
963 1224 1102 1254 clu-istus
1119 1223 1225 1253 audiet
1241 1234 1271 1252 ».
