1450 2537
205 141 254 178 48
587 149 735 176 AVRELn
762 148 962 175 PRvDEN'rn

312 263 422 301 Hisce
450 273 514 310 pro
542 262 647 299 donis
674 261 755 306 tibi,
787 261 856 298 fide
885 261 1029 308 Pastor,

258 317 418 353 Servitus
446 327 623 363 quaenam
652 314 783 361 poterit
810 314 984 360 rependi?
1293 317 1338 355 50

261 370 374 407 Nulla
401 369 638 415 compensant
666 367 819 413 pretium
848 367 978 404 salutis

629 420 724 457 Vota
751 421 977 466 precantum.

311 474 529 520 Quamlibet,
562 474 680 520 spreto
708 473 786 509 sine
815 484 910 510 more
937 474 1060 520 pastu,

258 530 391 574 Sponte
419 526 600 564 confectos
627 527 817 563 tenuemus
845 527 961 572 artus,

258 582 389 628 Teque,
419 578 637 626 contemptis
667 578 798 625 epulis,
831 590 1000 626 rogemus
1293 579 1340 618 55

628 632 744 669 Nocte
772 631 920 679 dieque:

314 686 479 723 Vincitur
507 696 645 732 semper
672 684 789 722 minor
816 686 1076 732 obsequentum

261 741 368 784 Cura,
400 750 465 775 nec
493 749 626 775 munus
655 738 838 775 Genitoris
865 740 1022 786 aequat3

262 792 414 839 Frangit
441 793 477 829 et
504 792 639 828 cratem
667 791 801 828 luteam
831 791 888 838 (1)
917 791 1053 830 laboris

630 844 810 882 Grandior
837 855 939 881 usus.
1293 847 1341 886 60

312 898 424 944 Ergo,
456 909 501 934 ne
528 897 656 934 limum
684 897 851 944 fragilem
880 897 1019 935 solutae

261 951 439 988 Deserant
465 950 574 995 vires,
605 951 641 988 et
668 961 826 997 aquosus
854 950 948 987 albis

261 1005 402 1041 Humor
429 1003 469 1041 in
496 1003 600 1041 venis
627 1003 845 1049 dominetur,
877 1015 1028 1050 aegrum

633 1056 770 1103 Corpus
798 1067 974 1094 enervans
989 1086 997 1102 ‚

313 1111 435 1147 Laxus
463 1121 505 1147 ae
531 1109 622 1147 liber
650 1109 777 1147 modus
805 1109 1014 1147 abstinendi
1294 1111 1342 1149 65

262 1163 414 1201 Ponitur
442 1162 605 1208 eunctis;
637 1174 752 1210 neque
780 1173 847 1200 nos
875 1174 1020 1200 severus

260 1218 387 1254 Terror
415 1215 592 1263 impellit:
625 1227 692 1253 sua
720 1227 895 1263 quemque
925 1215 1024 1262 cogit

634 1268 736 1306 Velle
764 1269 926 1315 potestas
956 1269 1030 1316 (2).

314 1321 466 1368 Sufficit,
498 1321 674 1369 quidquid
701 1321 830 1367 facias,
861 1322 987 1359 vocato

261 1375 435 1413 Numinis
459 1376 558 1419 'nutu
585 1374 700 1422 prius,
731 1374 915 1419 inchoare,
1296 1375 1342 1412 70

261 1429 341 1466 Sive
368 1430 408 1466 tu
436 1439 600 1466 mensam
626 1439 787 1465 removes
815 1427 887 1475 (3),
918 1426 1082 1464 cibumve

635 1482 778 1518 Sumere
806 1481 942 1518 tentas.

313 1534 456 1572 Adnuit
483 1534 605 1571 dexter
633 1535 744 1579 Deus,
776 1534 812 1570 et
839 1533 996 1570 seeundo

262 1589 457 1636 Prosperat
484 1587 610 1632 vultu;
642 1587 741 1624 velut
770 1587 837 1624 hoe
866 1585 1011 1624 salubre

274 1718 317 1755 (1)
344 1718 474 1746 luteam.
509 1717 621 1754 Corpus
655 1717 832 1752 humanum,
855 1726 893 1746 ex
926 1716 1037 1753 argilla
1069 1716 1102 1746 et
1127 1715 1193 1746 luto
1227 1716 1344 1752 fictum,

210 1762 308 1789 instar
332 1760 442 1794 eratis,
466 1759 503 1787 ob
526 1759 654 1787 nimium
676 1759 810 1788 laborem
834 1758 999 1794 frangitur.

275 1811 318 1848 (2)
338 1813 489 1848 potestas.
515 1811 646 1848 Quisque
663 1811 784 1840 modum
800 1811 832 1840 in
856 1810 971 1840 ieiunio
985 1809 1112 1846 statuit,
1129 1809 1182 1845 qui
1196 1809 1256 1839 sibi
1271 1817 1340 1839 con-

212 1853 335 1881 veniens
359 1853 510 1881 videatur.

275 1905 318 1941 (3)
345 1906 416 1934 Sive
439 1907 512 1933 tu...
537 1914 683 1934 removes.
707 1905 758 1933 Ita
780 1904 938 1940 legendum
954 1903 1110 1933 existimo.
1124 1919 1166 1924 —
1180 1903 1345 1932 Hnnvsws:

212 1947 282 1974 Sive
297 1949 331 1973 tn
345 1955 485 1974 mensam
501 1956 631 1980 renuas,
650 1946 814 1983 cibumque
829 1955 953 1975 sumere
966 1947 1108 1982 temptes.
1122 1960 1162 1966 —
1176 1944 1346 1980 WfflTzws,

213 1996 269 2015 nno
304 1987 452 2016 Vaticano
482 1988 604 2016 innixus
635 1988 832 2024 perantiquo:
864 1988 936 2016 Sive
959 1989 994 2014 tn
1028 1995 1171 2014 mensam
1205 1995 1346 2020 renones,

213 2029 354 2057 cibmnce
377 2038 501 2057 sumere
524 2031 663 2065 temptes.
690 2029 772 2058 Haec
796 2029 861 2066 ipsa
883 2029 916 2058 in
938 2027 1051 2057 Bodon.
1075 2031 1181 2057 nostra
1201 2027 1278 2057 edit.
1303 2026 1345 2056 le-

212 2072 326 2106 guntur
365 2079 383 2099 a
407 2078 467 2099 oua
491 2079 537 2099 me
561 2070 677 2100 removi
