1450 2537
571 168 718 195 AVRELH
746 167 942 194 PRVDENTH

191 231 334 238 ,-.--

350 283 461 329 Ignes
489 281 672 328 parandos
700 281 772 317 iam
800 279 867 317 tibi
884 279 1013 317 'tristis
1041 279 1134 327 rogi,

297 335 363 378 Qui
394 335 464 371 fine
493 334 604 381 digno
633 345 762 379 corpus
790 333 887 370 istud
917 333 1092 369 devorent
1121 332 1197 380 (1),

297 388 397 432 Quod
426 398 659 433 perseverans
688 388 761 422 tam
791 385 929 423 resistit
957 386 1135 432 nequiter*

297 441 414 476 Sacris
444 439 610 483 vetustis3
644 450 708 475 nec
738 439 899 476 dolorum
927 438 1076 484 spiculis

298 493 441 529 Victum
471 492 622 536 fatiscit,
656 492 767 538 fitque
795 491 922 538 poenis
951 491 1093 528 fortius.
1238 491 1312 529 580

348 546 435 590 Quis
455 545 551 581 hunc
570 545 726 591 rigorem
745 544 879 591 pectori
899 544 1023 581 iniecit
1042 545 1194 589 stupor?

297 599 401 634 Mens
429 597 613 634 obstinata
640 599 708 641 est,
740 609 869 644 corpus
897 608 1001 634 omne
1030 597 1213 634 occalluit.

295 653 435 687 Tantus
463 650 597 687 novelli
625 650 807 697 dogmatis
835 652 965 697 regnat
993 650 1111 687 furor:

298 705 367 740 Hic
396 715 522 750 nempe
551 705 668 740 vester
697 703 863 740 Christus
891 703 987 739 haud
1016 703 1100 739 ohm
1130 702 1214 748 fuit,

295 762 406 802 Quem
434 758 474 792 tu
502 756 628 793 fateris
655 756 745 802 ipse,
768 755 935 793 suffixum
962 756 1072 793 cruci.
1105 768 1127 790 »
1157 777 1207 782 ——-
1237 756 1311 793 585

349 831 400 836 —
416 823 438 844 «
454 809 555 846 Haec
569 806 634 846 ill‘a
650 810 743 846 Crux
759 810 814 846 est
832 809 992 845 omnium
1012 811 1174 846 nostrum
1195 809 1309 854 salus,

296 864 474 900 RoMAix'vs
501 862 641 909 inquit:
673 861 831 899 hominis
859 862 948 899 haec
975 862 1172 908 redemptio
1200 864 1281 899 est:

295 916 373 952 Scio
401 915 611 961 incapacem
638 917 673 952 te
702 915 938 961 sacramenti,
967 914 1092 961 impie,

296 970 380 1005 Non
408 980 512 1014 posse
541 967 655 1005 coecis
683 968 853 1005 sensibus
881 968 1092 1015 mysterium

295 1021 452 1059 Haurire
472 1023 658 1058 nostrum:
678 1021 730 1057 nil
747 1020 916 1057 diurnum
931 1032 1001 1057 nox
1017 1021 1128 1068 capit.
1149 1020 1207 1067 (2)
1237 1021 1311 1058 590

347 1075 483 1111 Tamen
503 1074 542 1110 in
561 1074 720 1111 tenebris
738 1073 917 1120 proferam
935 1074 1071 1111 claram
1091 1074 1220 1111 facem.

295 1128 412 1164 Sanus
440 1127 596 1164 videbit:
626 1127 747 1174 lippus
775 1127 897 1164 oculos
925 1127 1070 1174 obteget
1100 1127 1176 1175 (3).

295 1182 486 1218 Removete
514 1180 651 1225 lumen,
683 1179 778 1216 dicet
804 1179 1043 1217 insanabilis:

294 1233 480 1270 Iniuriosa
507 1235 562 1270 est
589 1233 644 1270 ml
671 1232 810 1270 videnti
837 1233 1000 1270 claritas.

295 1286 407 1331 Audi,
438 1286 601 1332 profane,
633 1286 728 1333 quod
756 1288 933 1332 gravatus
961 1285 1092 1323 oderis.
1235 1286 1310 1322 595

348 1341 484 1386 Regem
510 1350 704 1386 perennem
732 1340 808 1376 Rex
834 1339 1003 1385 perennis
1030 1338 1195 1385 protulit,

295 1393 341 1429 In
369 1404 407 1429 se
435 1394 643 1429 manentem
674 1391 747 1439 (4),
774 1403 839 1428 nec
867 1392 1040 1429 minorem
1068 1393 1245 1439 tempore,

295 1445 388 1490 Quia
414 1447 557 1492 tempus
584 1445 689 1482 illum
708 1456 781 1482 non
800 1447 919 1482 tenet:
951 1456 1035 1481 nam
1064 1445 1147 1483 fons
1165 1447 1260 1482 retro

295 1498 532 1536 Exordiorum
559 1500 615 1536 est
644 1498 718 1547 (5),
749 1499 785 1535 et
812 1498 965 1543 dierum,
996 1500 1032 1535 et
1057 1499 1279 1545 temporum‚'

296 1552 350 1588 Ex
371 1551 477 1589 Patre
498 1551 685 1589 Christus:
709 1551 775 1588 hoc
795 1552 917 1597 Pater,
940 1551 1036 1598 quod
1055 1551 1185 1589 Filius.
1235 1551 1311 1588 600

252 1639 302 1677 (1)
326 1640 414 1676 igynes
430 1639 638 1677 parandos...
662 1639 819 1667 devorent.
843 1638 903 1668 Sic.
922 1639 953 1667 in
974 1638 1134 1668 Heinsiau.
1159 1646 1310 1669 mSS.1na—

189 1681 263 1709 ioris
285 1681 422 1717 ponderis
437 1683 468 1710 et
484 1680 616 1715 Vatica,
639 1681 665 1709 si
688 1688 779 1708 unum
795 1680 961 1717 exceperiS,
978 1680 1009 1708 in
1031 1688 1088 1715 quo
1114 1689 1152 1709 ex
1172 1680 1312 1709 Wffl'rzm

189 1722 303 1757 legitur
318 1723 404 1759 {quis
421 1722 636 1759 parandus...
659 1721 793 1751 devoret.

252 1762 301 1801 (2)
326 1763 375 1791 nil
396 1763 554 1792 diurnum
576 1773 642 1792 ποι·
663 1764 760 1800 capit.
784 1762 919 1797 Etenim,
955 1763 1001 1791 u‘ti
1035 1762 1131 1792 habet
1158 1762 1188 1793 S.
1213 1762 1310 1793 PAVL.

189 1804 215 1838 1,
239 1805 281 1833 acl
304 1805 450 1834 Corinth.
473 1804 514 1840 Π,
541 1805 591 1840 14,
614 1815 630 1832 ‹<
656 1804 807 1833 Animalis
829 1804 916 1833 homo
938 1812 997 1833 non
1023 1804 1157 1842 percipit
1177 1812 1213 1834 ea
1235 1812 1312 1840 quae

189 1848 261 1874 sunt
282 1846 409 1882 spiritus
431 1846 496 1875 Dei.
523 1857 539 1873 »

253 1886 298 1924 (3)
322 1888 428 1916 oculos
449 1887 575 1925 obteget.
610 1887 721 1917 Hssms.
755 1887 861 1916 Plures
888 1888 1003 1916 tamem
1035 1887 1142 1921 editt.;
1165 1887 1308 1916 Nssmuss.

190 1929 222 1956 et
243 1928 515 1964 WE1TZ1vs‚6clos
543 1929 770 1964 describentes,
794 1929 856 1957 vim
893 1929 1010 1957 nomini
1044 1929 1110 1957 sine
1144 1936 1237 1957 causa
1269 1927 1308 1957 fe-

190 1973 308 2000 cerunt,

253 2010 299 2047 (4)
323 2011 359 2039 in
381 2021 411 2039 se
434 2014 625 2041 manentem,
650 2011 742 2040 Pater
757 2011 850 2046 enim,
868 2011 913 2040 uti
930 2010 1039 2040 docent
1053 2019 1152 2040 rerum
1173 2010 1308 2040 divium.

189 2051 337 2085 doctores,
362 2052 445 2081 intra
459 2061 489 2081 se
504 2052 617 2081 Filium
633 2053 775 2088 generat:
794 2054 894 2081 cetera
910 2054 1012 2081 autem
1028 2054 1117 2081 extra
1133 2060 1164 2081 se
1180 2052 1308 2081 creavit.

253 2092 302 2132 (5)
327 2094 413 2123 Fons
434 2096 518 2123 retro
532 2094 736 2123 eaeordz'ormn
754 2097 810 2129 est,
829 2094 900 2131 quia
917 2095 988 2123 ante
998 2093 1100 2124 omnia
1115 2093 1236 2123 saecula
1250 2100 1297 2123 est

1444 654 1450 693 .-,
1436 589 1450 640 ἱκ-
