1450 2537
233 135 307 175 130
614 149 764 176 AVRELH
791 150 988 178 annnnrn

548 264 604 302 Ac
630 264 741 302 verba
768 264 927 312 primum
955 267 1080 304 mollia

499 317 690 355 Suadendo
718 318 852 356 blande
881 319 1079 364 effuderam

495 371 668 417 Captator
695 372 737 408 ut
765 372 921 409 vitulum
949 372 1058 420 lupus

495 425 681 471 Rapturus
710 424 855 462 adludit
881 425 996 473 prius.
1303 430 1353 467 20

545 505 596 509 —
626 496 649 518 «
669 485 759 530 Rex,
791 484 926 532 inquit,
949 485 1046 523 orbis
1074 486 1268 534 maximus,
1294 488 1352 536 (1)

491 536 559 581 Qui
588 538 731 584 sceptra
759 540 881 585 gestat
913 538 1085 585 Romula,

490 589 629 627 Servire
658 591 782 628 sanxit
809 591 932 629 omnia

492 642 627 681 Priscis
656 644 802 682 deorum
830 645 1003 683 cultibus.

543 702 632 749 Vos,
664 704 861 751 Nazareni,
892 705 1075 752 adsistite,
1117 705 1175 754 (2)
1301 707 1350 744 25

491 756 700 804 Rudemque
728 757 840 795 ritum
869 758 1050 805 spernite:
1075 759 1133 807 (3)

492 809 592 847 Haec
621 821 724 856 saxa,
755 822 848 859 quae
875 811 1046 859 princeps
1074 812 1176 859 colit,
1211 813 1268 862 (4)

490 863 638 901 Placate
666 863 765 902 fumo
792 866 829 902 et
855 865 1018 902 victima.
1051 878 1074 900 »
1104 887 1154 893 -

539 924 731 962 Exclamat
758 924 820 963 hic
846 924 1091 972 V1NcENT1vs,

490 977 618 1014 Levita
646 978 688 1015 de
716 977 815 1016 tribu
843 989 963 1025 sacra,
1295 979 1347 1018 30

487 1030 656 1068 Minister
683 1030 815 1069 altaris
843 1031 926 1078 Dei,

485 1085 628 1131 Septem
656 1096 699 1121 ex
726 1084 905 1123 columnis
932 1084 1086 1124 lacteis:
1111 1085 1171 1135 (5)

537 1166 590 1171 —
619 1157 642 1180 «
670 1144 751 1182 Tibi
780 1144 854 1182 ista
881 1145 1047 1192 praesint
1074 1145 1244 1192 numina,

484 1199 538 1235 Tu
567 1209 670 1244 saxa,
700 1199 742 1235 tu
769 1198 914 1246 lignum
943 1198 1065 1244 colas3

484 1251 538 1288 Tu
565 1252 789 1289 mortuorum
815 1253 981 1290 mortuus
1294 1252 1344 1290 35

484 1303 569 1342 Fias
599 1305 745 1342 deorum
772 1304 949 1352 pontifex.

280 1434 324 1473 (1)
350 1435 420 1464 Rem
440 1434 528 1464 orbis
548 1434 726 1465 maximus.
748 1434 956 1465 Maximianus
978 1434 1155 1471 Herculeus,
1171 1443 1230 1471 quo
1251 1435 1344 1473 impe-

217 1476 305 1505 rante
326 1475 478 1505 Dacianus
500 1476 636 1514 praefuit
655 1476 838 1514 Hispaniae,
861 1477 908 1506 uti
932 1477 1061 1514 adparet
1083 1485 1120 1506 ex
1143 1477 1344 1514 inscriptione

216 1517 368 1552 Gnv'rnm,
392 1526 461 1554 pag.
487 1518 557 1548 199.

280 1564 324 1602 (2)
351 1564 411 1594 Vos
425 1566 603 1596 Nazareni.
621 1565 791 1596 Christiani
804 1574 857 1603 per
872 1568 1079 1602 contemptum
1094 1566 1343 1595 Nazarenorum

215 1606 336 1635 nomino
358 1606 589 1643 appellabantur
610 1608 642 1636 et
663 1616 682 1636 a
703 1607 836 1643 Iudaeis,
852 1608 885 1636 et
899 1608 937 1636 ab
954 1607 991 1635 iis
1007 1607 1058 1642 qui
1075 1607 1208 1644 turpiter
1223 1615 1241 1636 a
1256 1607 1342 1637 Chri-

215 1648 316 1677 stiano
337 1649 458 1677 nomine
480 1649 683 1684 desciverant,
706 1650 771 1677 tum
793 1649 921 1685 denique
943 1649 982 1677 ab
1004 1648 1056 1684 iis,
1074 1649 1127 1684 qui
1154 1657 1266 1685 pravas
1293 1657 1342 1678 su-

216 1690 410 1726 perstitiones
426 1690 650 1726 profiterentur.
675 1690 710 1720 V.
734 1690 910 1725 Emonam,
935 1691 1024 1727 Oriy.
1049 1690 1135 1719 Eccl.
1158 1690 1193 1720 T.
1216 1690 1243 1726 1,
1261 1690 1296 1720 L.
1316 1689 1341 1727 Ι,

216 1741 242 1760 c.
259 1731 289 1765 1;
315 1731 465 1761 MAMACH.
490 1732 580 1769 Oriy.
603 1732 767 1769 Antiquit.
792 1732 973 1762 Christian.
996 1732 1022 1766 Ι,
1046 1740 1073 1761 c.
1096 1731 1135 1761 11.

279 1778 322 1816 (3)
347 1779 521 1817 rudemque
542 1780 657 1809 ritum.
679 1779 777 1808 Rudis
799 1779 1043 1809 Christianorum
1060 1778 1140 1808 ritus
1161 1779 1241 1815 erat,
1263 1778 1342 1815 quod

216 1828 320 1855 novus,
337 1820 530 1850 multitudini
546 1821 680 1857 ignotus,
692 1820 740 1850 vel
762 1821 858 1851 etiam
871 1820 950 1857 quod
971 1819 1144 1850 hominibus
1158 1822 1342 1858 repugnaret

217 1861 409 1898 voluptatum
431 1862 582 1892 illecebris
604 1863 747 1893 irretitis.

279 1909 323 1946 (4)
345 1909 421 1938 haec
441 1919 535 1940 saxa.
560 1910 668 1940 Omnes
690 1909 775 1940 codd.
800 1911 866 1939 tum
882 1909 1051 1945 szum,
1068 1916 1161 1945 quum
1182 1908 1292 1938 Hnms.
1309 1909 1342 1938 et

216 1950 333 1981 Vaticc.
356 1951 462 1981 Nihilo
476 1953 579 1981 tamen
595 1952 694 1981 secius
709 1952 870 1981 Gmnmnvs
890 1950 1049 1987 legendum
1064 1949 1229 1988 praecipit,
1244 1959 1340 1979 sacra

216 2002 231 2018 «
248 1999 343 2027 neque
359 1993 453 2028 enim,
470 1994 529 2028 ait,
546 1994 608 2030 ipse
631 1994 749 2030 opinor,
772 1993 923 2022 Datianus
945 1992 1082 2021 fassurus
1103 2000 1122 2020 a
1136 2000 1168 2021 se
1191 1999 1267 2021 saxa
1281 1991 1339 2021 coli

215 2041 267 2070 pro
289 2042 322 2062 eo
344 2035 480 2070 numine,
504 2035 581 2070 quod
598 2035 695 2070 figura
717 2033 941 2071 repraesentari
963 2032 1108 2063 credebat
1130 2032 1166 2063 »1

279 2080 322 2119 (5)
346 2081 504 2112 columnis
527 2082 648 2113 lacteis,
672 2080 810 2120 Metaph.
831 2080 952 2117 longius
972 2080 1085 2119 petita.
