1450 2537
164 131 238 170 142
543 141 693 169 Avnssm
721 139 918 167 PRVDENTH

481 257 583 294 Co'ire
610 256 686 294 toto
715 267 757 292 ex
786 254 918 302 oppido

427 310 586 347 Turbam
615 309 756 346 fidelem
787 318 967 352 cerneres,

427 363 570 400 Mollire
598 362 818 409 praefultum
848 363 982 407 torum,
1212 360 1287 396 335

427 416 569 454 Siccare
598 416 711 453 cruda
739 414 906 452 vulnera.

481 486 552 524 Ille
578 485 802 534 ungularum
832 483 994 531 duplices

429 540 553 578 Sulcos
581 540 743 586 pererrat
771 538 927 582 osculis;
973 537 1032 586 (1)

430 593 502 631 Hic
529 594 791 640 purpurantem
820 591 978 638 corperis

429 647 573 686 Gaudet
600 656 762 684 cruorem
789 645 964 684 lambere.
1213 644 1289 687 340

484 717 653 764 Plerique
680 711 820 754 vestem
847 715 1001 752 linteam

430 771 600 809 Stillante
628 770 808 818 tinguunt
836 769 1031 816 sanguine,

430 825 612 863 Tutamen
638 825 681 861 ut
708 834 852 861 sacrum
881 822 958 859 suis

429 877 538 916 Domi
565 877 750 915 reservent
776 875 944 923 posteris.

484 950 586 987 Tunc
613 948 690 995 ipse
718 959 890 994 manceps
918 946 1086 991 carceris,
1110 946 1168 994 (2)
1217 945 1288 981 345

431 1004 479 1041 Et
506 1002 735 1040 vinculorum
762 1000 909 1042 ianitor,

432 1057 484 1093 Ut
511 1055 582 1093 fert
608 1056 774 1093 vetustas
802 1053 963 1099 conscia,

431 1110 592 1156 Repente
621 1108 808 1146 Christum
835 1106 1003 1145 credidit.

487 1179 560 1217 Hic
589 1178 767 1217 obseratis
793 1177 959 1216 vectibus

432 1234 576 1272 Densae
605 1244 751 1280 specum
779 1231 951 1279 caliginis
1219 1229 1295 1267 350

433 1286 630 1334 splendore
657 1286 751 1324 lucis
780 1285 943 1322 advenae

433 1339 608 1378 Micuisse
636 1339 799 1377 clausum
828 1337 985 1376 viderat.

490 1411 542 1448 At
568 1421 653 1448 vero
681 1411 877 1458 postquam
904 1407 1032 1446 lectuli

434 1465 578 1512 Martyr
606 1463 764 1511 quietem
792 1461 970 1510 contigit;

437 1519 559 1565 Aeger
585 1528 768 1554 morarum
796 1516 931 1562 taedio,
1221 1514 1296 1551 355

437 1572 486 1609 Et
513 1570 642 1608 mortis
669 1571 842 1608 incensus
870 1568 954 1607 siti:

490 1642 526 1679 Si
555 1653 653 1679 mors
681 1641 852 1678 habenda
879 1639 1058 1677 eiusmodi
1086 1640 1156 1685 est,

436 1696 534 1741 Quae
563 1694 741 1742 corporali
770 1693 956 1741 ergastulo

436 1750 596 1786 Mentem
624 1747 774 1785 resolvit
800 1747 969 1793 liberam,

437 1803 486 1840 Et
512 1801 632 1839 reddit
661 1801 801 1839 auctori
830 1801 927 1838 Deo:
1224 1798 1300 1835 360

238 1968 282 2006 (1)
306 1968 412 1997 sulcos
428 1968 580 2005 pererrat
601 1966 738 1995 osculis:
769 1954 957 2000 cicatrices‚'
978 1964 1086 2000 quibus
1108 1972 1215 2000 corpus
1238 1971 1298 2000 per·

176 2016 293 2051 aratur,
315 2014 518 2044 exosculatur.

240 2067 284 2106 (2)
308 2076 458 2105 manceps
479 2067 629 2096 carceris.
648 2065 858 2101 Camerarius,
871 2073 925 2093 seu
945 2062 1118 2101 praefectus
1141 2062 1283 2093 carceris.
