1450 2537
518 153 667 182 AVRELII
694 150 893 180 PRVDENTII

453 270 551 307 Nam
580 267 776 307 carceralis
805 265 964 305 caecitas

401 323 600 369 splendore
627 321 721 359 lucis
750 320 933 367 fulgurat,
1187 317 1264 354 270

402 376 614 422 Duplexque
634 385 776 412 morsus
804 371 943 419 stipitis
965 371 1022 420 (1)

405 428 540 475 Ruptis
569 427 738 465 cavernis
768 425 917 463 dissilit.

455 481 638 527 Agnoscit
669 481 729 517 hic
756 480 984 516 VINCEN'rrvs

405 534 560 578 Adesse,
594 533 689 581 quod
719 533 945 580 speraverat,

401 587 512 624 Tanti
540 586 677 624 laboris
705 585 922 632 praemium,
1193 582 1268 619 275

405 639 592 677 Christum
621 639 783 676 datorem
811 637 977 675 luminis

460 693 585 730 Cernit
614 692 744 729 deinde
774 691 961 738 fragmina

405 745 486 783 Iam
515 745 733 783 testularum
762 744 934 781 mollibus

406 798 551 836 Vestire
580 799 694 835 semet
721 798 886 842 floribus,

407 851 605 889 Redolente
634 853 761 888 nectar
788 861 944 888 carcere.
1195 846 1271 884 280

459 905 555 950 Quin
584 907 620 942 et
648 904 855 951 frequentes
884 902 1008 950 angeli

407 958 529 1004 Stant,
562 969 604 995 ac
631 958 831 1005 loquuntur
859 955 1076 1000 comminus,

410 1011 571 1056 Quorum
598 1023 695 1048 unus
724 1021 783 1047 ore
811 1009 1005 1057 augustior

410 1064 613 1111 compellat
640 1063 698 1101 his
727 1063 837 1101 dictis
864 1063 1004 1099 virum:
1038 1082 1089 1087 —

468 1131 491 1152 «
520 1118 700 1164 Exsurge,
725 1118 865 1164 martyr
894 1115 1034 1160 ineiite,
1199 1112 1260 1149 28.

414 1171 580 1217 Exsurge
609 1181 756 1208 securus
782 1169 838 1207 tui
858 1184 865 1206 :

415 1224 595 1271 Exsurge,
627 1225 662 1260 et
691 1222 799 1260 almis
827 1222 991 1260 caetibus

416 1277 546 1313 Noster
575 1276 712 1314 sodalis
741 1276 888 1315 addere.

469 1330 630 1367 Deeursa
658 1329 733 1366 iam
761 1328 853 1366 satis
880 1327 948 1365 tibi

413 1383 557 1420 Poenae
585 1382 742 1420 minacis
769 1381 911 1427 munia,
1201 1377 1278 1414 290

414 1435 643 1483 Pulchroque
671 1435 799 1473 mortis
828 1434 928 1472 exitu

417 1490 546 1527 Omnis
574 1491 723 1536 peracta
751 1490 807 1526 est
834 1487 973 1535 passio.

471 1543 501 1580 O
530 1542 634 1580 miles
662 1541 918 1587 invictissime,

418 1595 717 1633 Fortissimorum
745 1594 887 1641 fortior,
912 1594 969 1641 (2)

418 1650 500 1687 Ian]
528 1651 562 1686 te
592 1649 673 1696 ipsa
701 1659 812 1685 saeva
841 1649 876 1685 et
903 1657 1034 1693 aspera
1205 1644 1282 1681 295

421 1703 617 1740 Tormenta
645 1701 817 1739 victorem
844 1701 1019 1738 tremunt.

475 1757 663 1802 Spectator
691 1755 781 1792 haec
810 1753 979 1791 Christus
1009 1753 1107 1789 Deus

422 1810 640 1855 Compensat
668 1819 755 1845 aevo
786 1806 994 1850 intermino,

423 1862 666 1909 Propriaeque
695 1861 873 1907 collegam
903 1859 1030 1897 Crucis
1193 1897 1202 1906 ,

422 1916 543 1963 Larga
573 1916 722 1952 coronat
751 1914 911 1950 dextera.
1211 1909 1287 1947 300

222 2034 266 2071 (1)
289 2034 434 2070 stipitis:
457 2032 539 2068 ligno
562 2032 597 2061 de
621 2040 678 2067 quo
701 2031 788 2060 modo
809 2030 954 2059 diximus.

223 2082 268 2120 (2)
292 2082 545 2118 fortissimorum
568 2080 693 2116 fortior.
718 2080 817 2115 Longe
838 2078 972 2106 omnium
997 2075 1193 2106 fortissimus.
