1450 2537
158 141 233 178 246
539 150 688 178 Avantn
715 150 910 177 riivnsswrn

159 264 374 312 Adpositam
404 265 606 301 memorant
632 275 734 300 aram
761 263 865 301 fovea
883 263 1027 301 stetisse
1045 274 1203 310 summa,
1233 263 1283 302 80

159 320 255 366 Lege
283 318 351 355 sub
378 317 461 362 hac,
483 316 574 354 salis
592 318 658 354 aut
675 316 807 354 micam
828 315 844 363 (
850 316 902 364 1),
934 317 1031 354 iecur
1049 318 1086 355 et
1103 316 1181 355 suis
1198 316 1282 354 lita-

1185 367 1283 420 [rent

160 423 411 469 Christicolae,
429 423 494 460 aut
508 422 646 459 mediae
666 423 793 470 sponte
809 422 995 459 inruerent
1008 422 1047 459 in
1061 422 1136 459 ima
1147 421 1280 464 fossae.
1312 422 1314 425 ’

160 477 361 515 Prosiluere
389 476 529 513 alacres
556 487 665 513 cursu
692 475 819 522 rapido
847 475 956 512 simul
982 475 1138 513 trecenti
1166 471 1241 524 (2),

159 530 312 578 Gurgite
339 529 508 576 pulvereo
536 539 672 566 mersos
700 529 819 576 liquor
847 528 972 566 aridus
1000 528 1158 574 voravit,

160 583 469 630 Praecipitemque
488 581 637 629 globum
655 580 768 619 fundo
786 583 894 618 tenus
908 581 1109 628 implicavit
1126 581 1212 619 imo.
1235 581 1283 619 85

159 637 317 684 Corpora
334 636 471 673 candor
484 634 609 680 habet,
630 634 768 672 candor
781 634 882 672 vehit
895 634 942 671 ad
957 645 1115 681 superna
1128 635 1282 680 mentes,

160 688 326 728 Candida
354 699 510 726 massa
547 687 679 725 dehinc
715 687 787 725 dici
823 687 957 725 meruit
983 698 1046 735 per
1073 698 1178 725 omne
1205 698 1284 725 sae-

1066 739 1178 790 [clum
1207 739 1282 789 (3).

159 795 305 834 Laetior
331 794 471 832 interea
499 795 573 832 iam
600 793 780 832 Thascius
809 793 867 842 (4)
898 793 943 830 ob
970 793 1066 831 diem
1085 805 1233 832 suorum

159 849 307 887 Sistitur
334 848 503 885 indomiti
528 847 756 895 proconsulis
783 847 926 884 eminus
953 846 1080 884 furori.

158 903 275 940 Edere
296 901 352 950 (5)
382 901 505 939 iussus
523 901 617 947 erat,
645 899 733 948 quid
761 899 920 938 viveret:
943 921 995 926 —
1025 913 1047 936 «
1076 899 1283 946 Unicultor‚

1000 951 1152 1004 [inquit,
1235 953 1284 992 90

224 1083 271 1123 (1)
293 1084 375 1114 salis
397 1086 456 1112 aut
476 1084 605 1114 micam.
623 1082 699 1112 Vide
713 1083 756 1112 sis
772 1082 891 1118 quaein
908 1080 1162 1111 adnotatiuncula
1176 1080 1284 1119 scripsi

161 1126 196 1156 ad
221 1126 346 1164 hymum
365 1125 424 1161 111,
446 1125 478 1154 in
500 1125 645 1153 honorem
660 1124 792 1154 Sanctae
806 1124 957 1158 Eulaliae,
981 1132 1010 1153 v.
1036 1123 1106 1154 122.

224 1166 271 1206 (2)
295 1166 403 1196 Simul
429 1166 569 1195 trecenti.
604 1166 847 1202 Christianorum
879 1173 1021 1193 numerus
1053 1164 1127 1193 iniri
1159 1163 1286 1192 minime

161 1210 274 1247 potest,
298 1209 328 1237 in
352 1216 424 1243 quos
446 1216 480 1237 eo
502 1208 638 1244 tempore
660 1206 770 1236 ultima
791 1214 888 1244 poena
909 1207 957 1235 est
990 1206 1122 1234 statuta.
1146 1205 1205 1235 Sed
1225 1213 1285 1234 non

161 1250 301 1287 equidem
323 1249 386 1278 fuit
407 1249 439 1278 in
461 1248 567 1277 Africa
588 1249 679 1285 poeta
700 1249 813 1283 noster,
832 1249 882 1284 qui
899 1255 1001 1276 eorum
1017 1246 1189 1276 nominibus
1204 1254 1285 1276 coro-

160 1300 234 1321 nam
261 1292 455 1328 componeret
475 1289 698 1320 lemniscatam.
722 1289 823 1325 Igitur
852 1289 965 1318 rectius
987 1288 1074 1317 nobis
1098 1287 1135 1317 de
1156 1287 1287 1317 fortibus

161 1333 224 1362 illis
237 1332 426 1369 martyribus
447 1331 547 1360 dicere
562 1331 681 1367 licebit,
693 1331 772 1366 quod
785 1330 953 1360 Venusinus
965 1329 1002 1358 de
1013 1329 1119 1358 multis
1131 1328 1286 1364 heroibus,

162 1375 294 1411 quiante
302 1374 556 1409 Agamemnonem
564 1373 706 1402 vixerunt
715 1382 722 1402 :
738 1383 754 1400 «
766 1380 868 1401 omnes
877 1370 1111 1407 illacrymabiles
1119 1369 1287 1406 Urgentur,

161 1416 322 1451 ignotique
336 1415 427 1450 longa
437 1414 550 1450 Nocte,
564 1415 669 1443 carent
684 1414 757 1450 quia
771 1416 842 1442 vate
857 1421 953 1442 sacro.
974 1422 990 1438 »
1005 1412 1056 1451 (V.
1072 1412 1156 1442 Hor.
1172 1412 1285 1449 Lyric.

162 1456 215 1492 IV,
239 1457 358 1491 9,.25).
382 1456 425 1485 At
445 1457 550 1485 tamen
577 1455 706 1484 honesta
727 1455 763 1484 de
790 1454 929 1483 omnibus
956 1454 1072 1483 mentio
1098 1453 1235 1483 occurrit
1254 1453 1287 1482 in

160 1498 342 1529 Calendario
361 1496 610 1533 Carthaginiensi
625 1496 664 1526 ad
684 1496 714 1525 d.
738 1504 772 1525 ix
794 1495 851 1526 cal.
874 1495 1070 1532 septembres,

226 1538 272 1578 (3)
295 1538 438 1568 candida
458 1548 578 1568 massa.
603 1538 706 1567 Massa
728 1537 825 1566 latine
840 1537 954 1566 dicitur
969 1536 1004 1565 de
1021 1543 1209 1572 quacumque
1224 1543 1287 1564 ma-

161 1581 244 1610 teria
263 1581 394 1610 subacta
415 1580 446 1609 et
477 1579 623 1617 spissata.
648 1578 707 1608 Hic
739 1587 794 1616 per
825 1578 1019 1607 catacresim.
1043 1577 1074 1607 S.
1099 1577 1288 1613 Augustinus

162 1622 257 1652 Serm.
283 1629 370 1650 cccw
391 1621 423 1650 in
445 1620 586 1650 honorem
609 1620 670 1649 diei
681 1619 797 1649 natalis
810 1619 917 1648 horum
939 1620 1111 1656 martyrum
1125 1619 1174 1648 ita
1193 1618 1288 1647 inter-

161 1664 319 1701 pretatur:
343 1673 360 1690 ‹<
384 1663 485 1692 Massa
505 1662 544 1692 ob
565 1662 683 1691 numeri
705 1661 952 1695 multitudinen1;
976 1660 1107 1689 candida
1120 1660 1158 1689 ob
1178 1667 1290 1688 causae

163 1705 321 1740 fulgorem.
341 1714 357 1731 >›
380 1704 490 1734 Uticae
512 1712 582 1733 vero
605 1703 670 1732 dies
691 1703 786 1732 festus
807 1702 858 1731 hic
879 1701 995 1731 natalis
1016 1701 1160 1731 dabatur.
1189 1700 1289 1739 Quare

163 1746 353 1782 Augustinus
374 1746 405 1774 in
427 1744 524 1775 Serm.
548 1753 637 1774 eccm
658 1753 801 1773 massam
821 1743 995 1773 istiusmodi
1017 1742 1192 1772 candidam
1222 1742 1288 1772 Uti-

163 1797 282 1816 oensem
307 1786 453 1823 appellat.
487 1785 548 1816 Cfr.
566 1786 687 1816 BARON.
722 1785 761 1814 ad
794 1793 845 1814 an.
883 1792 994 1820 ccrxr,
1017 1785 1049 1813 et
1069 1783 1286 1813 Rvmimsiu

162 1829 255 1858 Actis
276 1829 367 1858 Sine.
391 1836 420 1864 p.
447 1827 518 1858 186.

225 1869 270 1907 (4)
298 1870 467 1898 Thascius.
491 1869 678 1897 Praenomen
710 1867 772 1897 fuit
799 1866 960 1904 Cypriani,
988 1866 1036 1896 uti
1068 1865 1225 1903 comparet
1255 1865 1289 1894 in

163 1911 263 1946 Actis,
286 1911 338 1939 ubi
358 1910 489 1946 legitur:
514 1920 531 1938 ‹<
554 1910 717 1939 Thascium
739 1909 925 1946 Cypriannm
948 1907 1050 1944 gladio
1082 1906 1289 1936 animadverti

162 1952 275 1989 placet.
290 1962 307 1978 >›
325 1968 362 1972 —
374 1951 410 1980 ob
424 1951 519 1980 diem.
537 1951 604 1980 scil.
619 1951 766 1985 faustum,
779 1950 910 1985 felicem,
928 1957 986 1985 quo
997 1949 1181 1986 martyrium
1198 1947 1286 1979 fecit.

226 1992 273 2031 (5)
295 1993 397 2022 Edere
418 1994 530 2022 iussus
551 1995 620 2021 erat
642 1992 720 2029 quid
744 1992 876 2021 viveret:
893 1991 1071 2025 unicultor,
1086 1990 1208 2028 inquit.
1231 1989 1287 2018 Mi-

162 2043 229 2062 rum
253 2036 400 2070 quantum
432 2034 465 2063 'ui
486 2034 541 2063 hoc
564 2042 651 2063 versu
677 2033 873 2062 describendo
894 2032 1082 2062 dissentiant
1101 2030 1189 2061 codd.
1212 2038 1286 2061 mSS.

163 2075 265 2104 Editio
277 2075 464 2111 Parmensis,
477 2075 527 2106 cui
541 2075 719 2111 innitimur,
736 2074 897 2104 lectionem
911 2073 1052 2110 sequitur
1063 2072 1268 2103 Weitzianam
1277 2093 1287 2102 .
