1502 2537
490 0 690 28 ,jn-suein·
704 0 743 18 U·
754 4 781 19 μ

391 133 503 170 ΠΕΡΙ
528 134 793 171 ΣΤΕΦΑΝΩΝ
822 143 972 172 ΗΥΜΝνε
1000 145 1028 173 11
1190 137 1255 175 10.

353 254 426 293 Vix
453 254 552 294 fama
579 257 667 295 nota
694 257 763 303 est,
794 257 930 295 abditis

300 307 416 354 Quam
444 308 553 356 plena
581 309 640 358 (1)
669 310 813 348 Sanctis
842 311 955 348 Roma
986 311 1048 359 sit,

300 361 416 406 Quam
443 362 545 400 dives
571 363 750 401 urbanum
778 363 895 401 solum

299 414 419 452 Sacris
446 415 621 462 sepulcris
648 415 787 454 floreat.

352 479 421 517 Sed
448 479 511 528 qui
537 491 701 519 caremus
728 480 786 518 his
815 481 935 528 bonis,
1190 486 1264 520 543

300 531 378 570 Nec
406 533 601 580 sanguinis
627 533 785 582 vestigia

299 584 429 623 Videre
456 597 578 624 coram
604 597 811 634 possumus,

298 637 446 676 Caelum
474 638 658 677 intuemur
684 639 839 677 eminus.

349 702 423 750 Sic,
453 704 578 742 sancte
605 704 813 750 LAVREwm,
843 705 944 741 tuam

297 755 376 794 Nos
401 756 609 803 passionem
637 757 865 805 quaerimus3
1190 762 1265 797 550

297 809 365 847 Est
393 809 480 846 aula
507 821 594 847 nam
621 809 753 857 duplex
779 809 863 855 tibi,

299 861 372 900 Hic
399 862 572 910 corporis,
604 862 737 901 mentis
763 862 860 910 polo.

347 926 432 965 Illic
459 926 697 964 inenarrabili

296 979 473 1018 Adlectus
502 979 560 1028 (2)
590 981 672 1018 urbi
699 981 902 1029 municeps,

293 1034 474 1071 Aeternae
501 1033 541 1070 in
569 1044 651 1072 arce
679 1034 800 1071 curiae
1189 1039 1262 1073 555

295 1086 426 1124 Gestas
453 1097 625 1124 coronam
651 1086 819 1125 civicam.

347 1150 482 1190 Videor
508 1150 630 1190 videre
656 1151 875 1190 inlustribus

295 1203 456 1242 Gemmis
482 1207 731 1243 coruscantem
759 1205 893 1252 virum,

294 1257 408 1302 Quem
435 1258 552 1296 Roma
578 1257 745 1296 caelestis
772 1258 842 1296 sibi

295 1310 404 1358 Legit
428 1321 623 1358 perennem
650 1310 849 1349 consulem.
1188 1315 1262 1352 560

347 1374 445 1420 Quae
473 1375 523 1413 sit
548 1376 710 1423 potestas
737 1375 889 1421 credita,

293 1427 344 1465 Et
369 1428 530 1466 muneris
559 1431 736 1476 quantum
763 1429 905 1475 datum,

294 1480 459 1518 Probant
484 1480 665 1527 Quiritum
692 1481 844 1529 gaudia,

293 1533 433 1579 Quibus
458 1535 610 1582 rogatus
637 1534 783 1572 adnuis.

198 1673 242 1712 (1)
270 1683 368 1712 quam
396 1674 550 1712 plenam.
579 1674 659 1704 Hinc
691 1675 792 1705 discat
823 1675 941 1709 lector,
972 1684 1062 1712 quam
1098 1675 1166 1706 salsi
1198 1678 1262 1707 sint

135 1714 276 1746 Dodwelli
296 1717 463 1746 sectatores
477 1739 485 1751 ‚
508 1716 559 1752 qui
591 1718 765 1746 sanctorum
797 1719 967 1753 martyrum
990 1726 1147 1747 numerum
1177 1727 1261 1748 coar-

135 1760 220 1787 ctare
241 1757 378 1793 student,
401 1758 580 1795 praesertim
603 1766 672 1787 vero
696 1758 725 1786 in
743 1757 815 1787 urbe
830 1758 938 1793 Roma,
963 1766 1054 1795 quam
1077 1760 1144 1796 quis
1160 1764 1262 1797 potest

135 1799 292 1828 verissime
327 1799 426 1829 dicere
458 1801 556 1829 totam
592 1808 802 1836 generosorum
837 1800 1082 1830 Christianorum
1112 1802 1261 1838 sanguino

135 1840 228 1870 fuisse
249 1839 402 1878 perfusam
418 1849 452 1870 ac
468 1841 597 1878 piatam.
615 1840 677 1871 Csr.
695 1840 853 1877 Viscon'ri,
870 1841 965 1870 Mem.
983 1842 1126 1872 Romane
1139 1842 1260 1872 d’anci-

135 1881 233 1912 ohim.
249 1881 349 1912 Roma
364 1882 457 1912 1825.

197 1939 242 1978 (2)
263 1940 408 1970 adlectus
429 1941 489 1969 etc.
514 1940 625 1969 Beatus
649 1939 843 1975 Laurentius,
873 1940 992 1970 civibus
1014 1941 1154 1971 coelestis
1176 1942 1260 1972 urbis

135 1980 365 2017 adnumeratus,
388 1981 488 2011 civica
518 1982 641 2010 omnino
663 1990 773 2011 corona.
795 1981 905 2017 dignus
926 1981 1052 2012 habitus
1084 1985 1143 2018 est,
1167 1991 1259 2019 quum

135 2022 325 2060 popularium
359 2031 481 2052 suorum
517 2030 575 2052 non
611 2024 734 2052 tantum
769 2022 862 2051 saluti
892 2024 1080 2061 prospexerIt
1113 2025 1259 2062 corporis,

135 2066 284 2101 quantum
306 2064 437 2102 animae,
460 2063 539 2101 quod
560 2064 688 2094 maximi
711 2063 896 2095 faciendum.
