1450 2537
198 141 205 149 .
225 140 246 152 u
550 126 699 155 AVRELII
726 126 924 156 PRVDENTII

387 244 463 279 Dux
494 244 528 279 et
556 243 726 290 praevius
755 243 791 279 et
817 241 994 289 magister
1021 242 1097 281 illis
1247 244 1292 282 le

332 296 390 333 Ad
418 298 563 333 tantum
593 297 716 341 decus,
748 307 790 332 ex
818 295 1016 343 episcopali

333 349 462 386 Clarus
490 349 635 386 nomine
664 349 901 386 Fssvc'rvosvs
929 348 1020 388 ibat.

385 409 536 446 Accitus
564 408 651 455 quia
678 407 858 454 praesidis
885 410 1032 455 repente

334 463 445 499 Iussu
473 463 623 499 venerat
650 462 696 498 ad
724 461 843 498 forum
871 463 1040 500 sacerdos

335 515 472 553 Levitis
499 513 759 553 comitantibus
787 514 940 552 duobus.
1250 515 1297 552 15

388 575 480 612 Inde
508 574 555 611 ad
583 585 785 611 carceream
811 574 909 611 viros
937 575 1102 612 catenam

336 630 470 665 Pastus
499 627 679 675 sanguine
706 628 868 666 carnifex
895 629 1084 667 trahebat:

336 681 479 719 Gaudet
506 693 647 718 currere
676 682 913 720 Fssvc'rvosvs
939 683 1051 729 ultro,

390 742 459 785 Ac,
490 751 535 776 ne
563 741 645 788 quis
673 740 789 779 socios
816 741 925 778 timor
952 736 1088 787 feriret,

339 795 555 840 Praeceptor
583 794 776 832 vehemens
803 795 921 832 eundo
948 795 1083 841 firmat,
1253 795 1303 832 20

340 847 579 894 Incenditque
607 847 715 884 fidem
743 847 860 885 calore
890 848 1039 886 Christi.

392 927 444 932 —
474 920 495 941 «
526 906 668 944 Mecum
695 908 805 953 state,
836 907 929 944 viri:
959 908 1067 944 vocat
1093 909 1265 945 cruentus

341 960 401 998 Ad
427 971 583 1007 poenam
610 960 756 998 coluber
784 960 852 998 Dei
880 960 1090 1006 ministr0s3

341 1014 398 1051 Ne
425 1024 523 1051 mors
549 1015 700 1060 terreat,
730 1015 787 1051 est
813 1015 944 1061 parata
972 1014 1109 1061 palma.

397 1073 526 1111 Carcer
545 1072 773 1110 Christicolis
792 1073 930 1119 gradus
948 1084 1101 1110 coronae
1121 1074 1197 1110 est:
1258 1073 1307 1110 25

345 1128 474 1165 Carcer
500 1126 667 1173 provehit
694 1127 742 1163 ad
770 1138 928 1173 superna
955 1126 1067 1164 caeli:

345 1181 475 1218 Carcer
501 1179 672 1217 conciliat
698 1180 817 1217 Deum
844 1179 1015 1217 beatis.»
1036 1200 1082 1207 ——

397 1239 469 1277 His
497 1237 617 1285 dictis,
646 1238 783 1276 adeunt
810 1250 955 1285 specum
984 1249 1141 1283 reorum,

345 1294 525 1331 Exercent
551 1290 604 1331 ibi
630 1292 825 1340 mysticum
852 1292 1055 1337 lavacrum,
1106 1291 1165 1340 (1)

347 1349 395 1385 Et
421 1357 624 1394 purgamen
652 1357 768 1393 aquae
797 1347 946 1392 stupent
971 1345 1156 1382 tenebrae.
1180 1343 1240 1394 (2)
1262 1345 1312 1382 30

400 1408 468 1445 Sex
493 1405 554 1444 hic
581 1405 766 1444 continuis
793 1405 913 1442 latent
940 1404 1082 1450 diebus,

347 1461 511 1499 Tandem
539 1460 641 1497 stant
667 1460 781 1497 trucis
809 1461 856 1497 ad
883 1458 1047 1496 tribunal
1074 1457 1214 1495 hostis:

349 1516 496 1552 Fratres
522 1512 745 1562 tergeminos
772 1513 936 1552 tremunt
962 1512 1141 1549 catastae.
1163 1509 1222 1560 (3)

256 1672 300 1709 (1)
324 1669 495 1707 mysticum
520 1666 700 1698 lavacrum,
726 1661 804 1699 quod
826 1660 908 1690 infra
928 1658 1069 1689 nominat
1087 1667 1267 1697 puryamen
1284 1667 1318 1687 α-

193 1729 289 1758 quae,
323 1720 370 1748 est
391 1716 469 1745 Fons
491 1713 638 1743 salutaris
659 1710 797 1745 lavacri,
832 1716 920 1744 quem
942 1715 996 1736 nos
1022 1706 1153 1736 dicimus
1173 1706 1201 1734 il
1222 1706 1320 1735 Fonte

193 1768 244 1796 del
259 1767 358 1796 Santo
374 1765 560 1794 Batiesinzo.

259 1820 303 1859 (2)
322 1826 506 1857 pmyamen
528 1823 641 1852 aquae.
666 1812 785 1842 Vatis-c.
803 1810 960 1846 quattuor,
976 1808 1009 1837 et
1023 1807 1192 1837 HEINSIANI
1213 1806 1319 1844 proba-

196 1870 304 1901 tiores:
329 1868 466 1897 G15EL1N.
489 1866 522 1893 et
544 1863 699 1891 WEI‘rzxvs
716 1858 920 1897 puryamMa
941 1864 1032 1894 quae.

260 1922 302 1959 (3)
327 1921 457 1958 fratres.
482 1918 545 1947 Hoc
574 1915 696 1944 nomine
717 1922 749 1942 se
769 1921 801 1941 se
823 1911 954 1940 invicem
976 1908 1131 1938 donabant
1151 1906 1323 1938 Christiani

197 1970 318 2007 propter
340 1973 526 1996 communem
550 1962 734 1995 doctrinam,
766 1967 856 1995 quam
877 1957 1105 1995 profiterentur,
1126 1956 1159 1984 et
1183 1955 1323 2007 mutuam

197 2017 393 2050 charitatem,
417 2022 478 2050 qua
497 2011 600 2042 essent
620 2008 795 2043 coniuncti,
818 2008 976 2041 tamquam
1005 2003 1094 2033 unius
1121 2001 1226 2032 Patris
1252 2001 1324 2038 mii,

198 2068 230 2093 et
251 2062 460 2100 Redemptoris
483 2060 605 2089 fratres.

930 2131 939 2150 ἱ,
