1450 2537
165 106 214 143 (36
545 118 694 145 AVRELH
721 117 918 144 PRVDENTH

692 336 769 375 XII

444 426 657 465 HYMNVS
688 425 1011 464 EPIPHANIAE

164 555 197 585 In
214 556 269 586 hoc
285 557 418 586 carmine
435 558 562 586 venuste
580 556 765 586 Prudentius
781 555 913 589 stellam,
930 556 1045 586 Christi
1062 557 1289 594 praenuntiam,

205 598 334 635 primuni
345 599 477 633 extollit,
488 607 576 634 quam
591 598 671 634 Magi
685 598 794 630 secuti.
805 597 985 627 Bethlehem
998 599 1158 633 venerunt,
1169 600 1291 628 natum-

205 648 261 674 que
278 640 321 668 ibi
338 640 510 673 Dominum,
535 640 646 668 oblatis
669 639 859 673 muneribus,
886 640 1023 668 venerati
1047 641 1137 673 sunt;
1151 640 1217 669 tum
1234 640 1290 669 im·

205 689 322 709 manem
340 681 376 709 ad
393 680 549 710 Clu·1stum
567 681 754 718 perdendum
770 680 935 709 infantium
953 682 1089 716 stragem
1107 682 1146 709 ab
1169 681 1290 711 Herode

204 722 319 750 editam
343 723 407 751 fuse
443 723 652 759 prosequitur;
686 730 745 758 qua
776 722 879 757 strage
907 722 1064 752 Christum
1091 721 1204 751 involvi
1229 731 1287 751 nou

204 763 351 800 potuisse,
371 763 401 791 in
416 763 464 796 iis,
483 772 559 800 quae
582 763 678 800 Moysi
702 762 911 799 contigerunt,
938 763 1178 800 praefiguratum
1194 763 1290 793 fuisse

204 805 408 835 demonstrat.
427 805 483 833 Hic
501 813 571 833 vero
594 805 623 833 in
652 804 786 833 editione
813 804 998 836 Bodcniana.
1024 812 1101 840 quae
1118 806 1289 841 sequuntur

206 846 334 880 legimus
358 847 465 874 notatu
480 846 589 881 digna:
607 857 625 874 «
642 845 694 877 CL.
719 845 887 879 ΜΔΒΤΕΝΕ,
906 846 951 874 De
975 847 1052 874 Ant.
1071 845 1157 874 Eccl.
1182 846 1287 875 Ritib.

207 896 224 914 >›
240 887 274 916 T.
300 895 336 916 111
359 887 413 917 lib.
431 888 460 921 4,
486 896 512 916 e.
539 887 578 916 14
605 888 653 915 ubi
673 887 709 916 de
731 888 947 923 antiquissima
960 887 1015 915 hac
1035 887 1209 916 festivitate
1223 887 1289 925 plu-

205 938 222 955 »
238 928 326 957 ribus
353 929 435 964 agit,
460 929 622 958 memoriae
645 929 723 957 forte
750 928 836 966 lapsu
861 928 1062 957 Prudentium
1088 937 1143 966 pro
1165 927 1289 958 Sedulio

205 979 222 996 >›
239 970 387 1006 reposuit.
404 970 479 998 Nam
498 970 681 1007 probaturus
693 969 847 1007 triplicem
862 969 978 999 Christi
994 970 1286 1003 manifestationem,

205 1020 222 1037 »
238 1011 445 1040 adorationem
462 1011 580 1040 scilicet
595 1012 660 1040 eius
677 1020 729 1048 per
753 1011 868 1047 Magos,
888 1011 1090 1048 Baptismum,
1108 1011 1141 1040 et
1157 1011 1289 1048 primum

205 1062 222 1078 >›
239 1052 430 1091 miraculum,
449 1052 527 1088 quod
542 1053 676 1088 contigit
698 1053 729 1081 in
756 1052 838 1082 Cana
861 1053 995 1081 Galileae
1019 1053 1074 1082 hoc
1097 1052 1290 1090 Epiphaniae

205 1104 220 1119 »
238 1093 316 1122 festo
348 1094 523 1129 antiquitus
552 1094 647 1123 fuisse
670 1094 876 1126 celebratam,
902 1097 938 1122 ut
963 1096 1077 1131 patet.
1103 1094 1223 1130 inquit,
1249 1103 1290 1122 ex

205 1146 219 1159 »
239 1135 368 1172 Hymno
384 1135 575 1170 Prudentz'i,
589 1143 679 1172 quem
703 1135 839 1164 Ecclesia
863 1136 974 1164 Latina
996 1135 1034 1163 ad
1057 1135 1162 1164 divina
1184 1135 1291 1165 Officia

205 1187 221 1203 »
238 1176 314 1205 solet
330 1176 486 1207 adhibere.
504 1176 584 1206 Sane
606 1177 636 1205 in
661 1177 835 1214 Epiphania
856 1177 979 1205 Domini
995 1177 1126 1213 hymnus
1149 1176 1187 1205 ad
1211 1176 1288 1205 Lau-

204 1228 221 1244 »
239 1218 292 1246 des
306 1217 330 1245 Ο
342 1217 411 1246 sola
425 1227 619 1255 moymarum
636 1217 781 1252 urbium,
803 1218 863 1247 etc.
878 1218 1039 1247 Prudentii
1056 1219 1120 1251 θεῖς
1139 1217 1192 1246 sed
1204 1217 1291 1246 nulla

205 1271 219 1284 »
238 1259 268 1287 in
283 1267 318 1288 eo
334 1259 467 1296 triplicis
493 1258 610 1289 Christi
636 1259 840 1296 apparitionis
869 1260 1115 1288 commemoratio
1139 1259 1186 1293 fit,
1213 1267 1290 1295 quae

204 1310 221 1327 »
239 1301 340 1329 tamen
357 1299 488 1329 habetur
503 1301 534 1328 in
558 1300 670 1337 hymno
686 1301 724 1329 ad
747 1300 885 1338 Vesper.,
904 1301 954 1337 qui
972 1301 1103 1338 incipit:
1138 1299 1289 1329 Crudelis

203 1351 220 1368 »
237 1341 390 1376 Herodes,
409 1342 469 1372 etc.
487 1340 546 1371 Sed
562 1342 587 1371 is
604 1339 718 1372 Sedulii
735 1341 835 1371 foetus
852 1343 900 1371 est
927 1353 956 1371 »,

371 1456 593 1504 Quicumque
623 1456 807 1494 Christum
836 1457 1026 1504 quaeritis,

319 1510 452 1548 Oculos
480 1509 520 1547 in
548 1510 663 1547 altum
691 1510 830 1547 tollite:

319 1563 403 1600 Illic
429 1562 554 1600 licebit
580 1563 696 1601 visere

317 1616 471 1664 Signum
497 1616 667 1664 perennis
695 1615 846 1664 gloriae.

371 1670 474 1707 Haec
501 1669 623 1716 stella,
655 1681 746 1717 quae
775 1669 862 1707 solis
890 1669 1008 1706 rotam
1263 1668 1286 1705 5

316 1722 444 1761 Vincit
471 1722 594 1760 decore
623 1734 666 1760 ac
693 1722 830 1760 lumine
861 1722 935 1771 (1),

317 1775 472 1814 Venisse
498 1775 607 1814 terris
634 1775 783 1813 nuntiat

318 1829 408 1867 Cum
435 1840 544 1867 carne
571 1829 734 1868 terrestri
761 1830 892 1868 Deum.

221 1951 265 1990 (1)
295 1952 402 1981 Vincit
422 1952 529 1982 decore
550 1953 611 1983 etc·
635 1951 908 1997 ξΥπερβολν.ν,(ῐ)ς;
932 1961 1115 1990 quamquam
1137 1952 1168 1984 S.
1193 1953 1284 1983 ῙοΑΝ.

157 1999 270 2030 ΟΗκῩε.
295 2000 383 2030 Hom.
406 2000 448 2030 VI
469 2000 501 2029 in
528 2000 644 2031 Matth.
668 2002 775 2031 auctor
806 2003 853 2031 est
880 2001 1001 2031 stellam
1030 2001 1107 2031 hanc
1129 2001 1286 2039 splendore

157 2047 295 2077 omnibus
317 2047 410 2077 astris
430 2048 635 2085 praestitisse.
1218 2067 1224 2084 o
