1502 2537
294 265 419 302 Sterne
448 265 482 301 te
510 264 641 308 totam,
671 272 848 310 generosa
876 260 1017 298 sanctis

241 317 381 356 Civitas
410 328 547 354 mecum
577 315 756 360 tumulis;
788 315 917 352 deinde

240 371 326 410 Mox
354 371 590 418 resurgentes
618 369 761 406 animas
789 369 826 406 et
851 369 955 405 artus

557 423 648 461 Tota
677 420 851 470 sequeris.
875 419 934 470 (1)
1178 419 1255 456 200

682 581 716 619 V

285 672 454 710 PASSIO
482 672 519 710 S.
553 670 822 709 VINCENTII
851 668 1106 707 MARTYRIS

136 777 271 805 Invia-tam
290 785 322 804 ac
341 784 452 810 prorsus
469 775 638 809 mirabilem,
657 775 731 801 inter
744 774 821 800 varia
833 775 1028 800 tormentorum
1048 783 1164 810 genera,
1183 774 1266 800 huius

170 819 300 852 mnrtyris
324 819 506 845 constantiam
530 826 562 843 ac
586 817 736 851 gloriosum
761 816 866 842 exitum
885 815 1025 846 celebrat:
1049 816 1151 842 deinde
1170 817 1266 841 narrat

171 868 241 894 quse
259 862 392 894 tyrannus
411 860 508 893 egerit,
529 860 560 885 ut
587 859 743 885 exanimum
769 857 900 890 martyris
926 865 1026 890 corpus
1048 857 1215 891 dissiparet;
1238 858 1266 883 et

171 902 304 936 quomodo
323 902 459 928 divinitus
477 901 616 927 servatum
635 900 730 928 fuerit.

452 1022 565 1058 Beate
593 1021 746 1068 martyr,
777 1030 952 1067 prospera

400 1075 506 1113 Diem
534 1072 795 1120 triumphalem
822 1074 942 1118 tuum,

400 1129 478 1173 Quo
507 1126 703 1172 sanguinis
730 1137 866 1163 merces
893 1126 960 1163 tibi

402 1182 558 1226 Corona,
592 1180 788 1225 V1NcsNT1‚
819 1179 941 1216 datur.

455 1245 527 1283 Hic
554 1246 589 1282 te
623 1255 666 1281 ex
694 1243 854 1281 tenebris
882 1243 1035 1290 saeculi,
1240 1244 1262 1281 5

400 1299 547 1336 Tortore
575 1297 672 1335 vieto
699 1298 736 1334 et
762 1296 895 1342 iudice,

399 1351 533 1389 Evexit
559 1351 607 1388 ad
634 1350 775 1388 caelum
804 1349 896 1395 dies,

401 1404 616 1452 Christoque
645 1404 815 1441 ovantem
842 1401 1015 1440 reddidit.

453 1470 562 1507 Nunc
589 1468 803 1516 angelorum
830 1467 1028 1515 particeps,

401 1523 572 1561 Conlueis
601 1521 741 1569 insigni
768 1520 878 1567 stola,
910 1521 969 1570 (2)
1212 1521 1261 1559 10

399 1577 516 1621 Quam
543 1575 649 1613 testis
678 1573 914 1612 indomabilis

402 1629 506 1667 Rivis
534 1627 674 1666 cruoris
701 1627 859 1666 laveras.

452 1694 569 1739 Quum
598 1695 634 1730 te
662 1691 810 1730 satelles
838 1691 942 1738 idoli,

400 1746 635 1784 Praecinctus
663 1745 754 1783 atris
781 1744 955 1793 legibus„

399 1801 521 1838 Litare
550 1798 644 1836 divis
672 1797 838 1846 gentium
1210 1797 1259 1835 10

399 1854 507 1891 Ferro
535 1854 572 1890 et
599 1851 738 1889 catenis
765 1852 923 1899 cogeret.

0 1979 12 2023 γΙ
26 2000 30 2007 .
194 1977 239 2016 (1)
261 1979 328 2006 tota
342 1976 494 2014 sequeris.
508 1974 591 2013 Quod
606 1974 660 2004 fiet
672 1974 701 2003 in
715 1973 870 2011 splendido
893 1973 1000 2003 iudicii
1016 1972 1175 2003 novissimi
1197 1973 1257 2003 die.

7 2027 27 2072 lt
194 2029 238 2068 (2)
262 2029 412 2060 conlucis
433 2028 558 2065 insiqni
578 2027 676 2058 stola.
699 2027 809 2057 Hmus.
833 2035 871 2057 ex
893 2027 958 2057 cod.
987 2026 1120 2056 Putean.
1143 2025 1207 2056 Alii
1227 2026 1258 2056 in

9 2075 27 2102 t·
133 2071 264 2102 seeunda.
283 2071 440 2107 coniugat.
463 2069 618 2099 conluces.

169 2147 202 2174 Δ.
224 2146 381 2174 Pavum-m
403 2145 521 2180 Opera..
1172 2143 1190 2170 9
