1450 2537
1390 30 1422 39 .,„

236 146 285 184 56
617 156 766 185 Avannn
793 156 991 184 PRVDENTn

446 269 543 314 Quae
572 268 678 317 pigra
706 268 884 307 cadavera
911 269 1051 316 pridem

392 321 557 359 'Pumulis
585 321 790 368 putrefacta
821 321 1004 368 iacebant,

394 375 567 412 Volucres
595 375 782 421 rapientur
809 374 848 411 in
877 386 1000 421 auras,

394 428 548 465 Animas
577 427 749 465 comitata
781 427 932 474 priores.

447 480 544 517 Hinc
573 480 731 517 maxima
759 491 846 517 cura
873 480 1048 527 sepulcris
1310 483 1360 520 40

392 533 643 579 Impenditur:
675 533 762 570 hinc
790 533 968 571 resolutos

393 586 518 623 Honor
546 585 697 623 ultimus
725 585 858 633 accipit
886 587 1001 632 artus,

392 639 440 675 Et
468 638 605 675 funeris
633 638 794 676 ambitus
824 638 881 686 (1)
911 640 1031 677 ornat.

445 692 607 728 Candore
635 691 793 730 nitentia
820 691 918 730 claro

392 744 630 781 Praetendere
658 744 774 781 lintea
800 755 878 783 mos
906 746 975 791 est,
1310 747 1360 784 50

390 797 643 845 Adspersaque
670 797 818 845 myrrha
845 798 982 836 Sabaeo

391 851 528 897 Corpus
556 850 793 888 medicamine
822 853 956 888 servat.

442 903 625 949 Quidnam
652 903 723 941 sibi
751 915 841 941 saxa
869 906 1000 942 cavata
1015 935 1024 951 ‚

389 956 483 1002 Quid
509 956 663 1003 pulchra
689 957 819 994 volunt
845 959 1080 995 monumenta
1110 958 1183 1005 (2),

390 1011 461 1047 Res
489 1009 562 1047 nisi
589 1009 686 1057 quod
713 1010 871 1048 creditur
899 1010 974 1048 illis
1307 1012 1356 1048 55

388 1063 473 1100 Non
501 1063 657 1109 mortua,
689 1063 753 1100 sed
782 1063 869 1100 data
898 1074 1023 1101 somno
1053 1064 1141 1111 (3)?

441 1116 520 1153 Hoc
547 1115 699 1163 provida
728 1116 1026 1154 Christicolarum

390 1169 513 1207 Pietas
541 1168 676 1215 studet,
705 1170 830 1217 utpote
857 1169 1006 1207 credens

387 1223 475 1260 Fore
502 1221 669 1270 protinus
696 1222 820 1260 omnia
846 1222 946 1269 viva,

386 1276 485 1321 Quae
513 1285 611 1312 nunc
637 1274 782 1323 gelidus
810 1286 915 1323 sopor
942 1277 1088 1323 urguet.
1305 1276 1357 1314 60

439 1327 509 1374 Qui
535 1327 633 1366 iacta
660 1328 840 1366 cadavera
867 1329 1006 1376 passim

387 1382 568 1419 Miserans
594 1380 689 1429 tegit
715 1392 849 1429 aggere
877 1383 1008 1427 terrae,

386 1435 487 1482 Opus
514 1433 660 1472 exhibet
685 1433 747 1471 ille
775 1435 975 1482 benignum
1005 1434 1062 1483 (4)

387 1487 531 1525 Christo
557 1487 641 1535 pius
670 1487 923 1535 omnipotenti.

291 1587 334 1624 (1)
357 1587 485 1625 funeris
506 1586 667 1616 ambitus:
688 1594 800 1624 pompa¹
821 1586 947 1616 funeris.

288 1630 331 1666 (2)
354 1628 435 1666 quid
451 1628 596 1666 pulchra
617 1630 865 1658 monumenta...
890 1628 1021 1658 TVLuvs
1044 1627 1187 1666 (Quaest.
1214 1629 1308 1659 Tus-0.
1325 1628 1352 1665 1,

228 1669 291 1707 12),
324 1678 448 1700 excessu
480 1670 565 1698 vitae
593 1669 746 1698 hominem
775 1677 834 1698 non
862 1669 955 1699 deleri
978 1669 1035 1705 sic,
1060 1671 1094 1700 ut
1114 1669 1255 1700 funditus
1276 1671 1353 1700 inte-

226 1712 304 1745 reat,
334 1711 382 1740 ait
412 1710 504 1740 licere
536 1710 688 1746 intelligi,
713 1721 729 1738 ι(
755 1718 847 1746 quum
878 1710 985 1740 multis
1017 1710 1088 1740 aliis
1120 1711 1226 1747 rebus,
1249 1712 1316 1741 tum
1337 1720 1354 1741 e

226 1751 379 1788 pontificio
402 1752 467 1781 iure
488 1753 521 1781 et
541 1752 740 1781 ceraemoniis
761 1751 978 1789 sepulcrorum.
1002 1761 1020 1779 »

290 1793 333 1832 (3)
357 1794 435 1822 data
457 1802 578 1823 somno.
601 1793 848 1823 Christianorum
876 1801 1000 1830 corpora
1027 1792 1059 1822 in
1080 1792 1258 1830 sepulcretis
1279 1792 1352 1822 dor-

225 1835 305 1863 mire
326 1834 517 1870 dicebantur,
533 1834 580 1864 uti
595 1842 633 1864 ex
647 1834 898 1872 inscriptionibus
912 1834 1043 1870 eruitur,
1059 1841 1134 1870 quas
1149 1834 1350 1870 Muratorius,

225 1875 419 1910 Fabbrettus,
443 1876 670 1912 Marangonius,
686 1875 822 1911 Rossius,
838 1875 952 1911 aliique
973 1875 1006 1905 in
1021 1883 1113 1904 unum
1127 1874 1270 1905 collectas
1283 1875 1353 1904 illu-

223 1918 374 1946 strarunt.
397 1916 441 1946 Ob
461 1917 539 1947 hanc
554 1925 677 1946 causam
699 1925 752 1946 nos
766 1916 865 1946 locum
887 1916 974 1946 illum
996 1925 1134 1952 sacrum,
1151 1916 1204 1946 ubi
1226 1925 1352 1954 corpora

223 1958 432 1987 defunctorum
443 1958 503 1988 rite
520 1958 702 1994 conduntur,
718 1966 859 1987 vocamus
870 1958 1099 1994 coemeterium,
1111 1966 1182 1987 voce
1197 1966 1214 1987 e
1228 1957 1352 1988 Graecis

224 1999 327 2034 ducta,
350 2008 427 2035 quae
447 1999 544 2029 latine
564 1999 794 2029 dormitorium
815 1999 982 2035 significat.

287 2040 331 2078 (4)
355 2050 473 2078 opus...
496 2041 678 2078 beniquum.
703 2041 738 2070 V.
761 2039 795 2071 S.
816 2040 988 2071 Avavs'nm
1008 2039 1064 2070 lib.
1088 2039 1137 2069 cui
1159 2039 1286 2070 titulus:
1303 2040 1352 2070 De

222 2091 302 2110 cura
319 2092 383 2120 pro
405 2083 542 2111 mortuis
559 2082 713 2120 yerenda.
