1502 2537
325 134 435 171 ΠΕΡΙ
461 133 720 172 ΣῬΕΦΑΝΩΝ
749 143 900 172 mvnvs
927 143 950 172 x
1157 132 1233 172 215

271 257 376 295 Veris
404 256 538 295 refutat
564 257 725 296 medicus
751 256 848 295 hano
875 258 1119 295 calumniam:

218 331 268 337 —
298 324 320 345 «
348 312 513 348 Scrutare
542 311 598 348 vel
625 314 666 348 tu
694 322 791 349 nuuc
819 311 978 348 latebras
1000 312 1174 356 faucium,

217 363 392 411 Intraque
421 364 547 401 dentes
574 364 755 402 curiosum
783 364 947 411 pollicem

217 416 429 462 Circumfer,
462 417 615 454 haustus
644 417 699 455 vel
727 419 894 464 patentes
924 418 982 465 (1)
1013 417 1163 464 inspico,

218 469 348 507 Lateat
366 481 410 507 ne
430 470 643 517 quidquam,
666 470 760 518 quod
780 472 884 517 regat
903 470 1116 517 spiramina.
1157 472 1231 507 tiss>

269 534 495 581 Quamquam
523 532 698 570 forassem
725 533 815 571 forte
844 534 876 571 si
905 536 1037 581 puncto
1066 534 1150 578 levi,

215 586 374 624 Tenuive
401 587 566 634 linguam
594 586 828 633 contigissem
857 587 1019 632 vulnero,

215 639 412 677 Titubanto
439 639 575 686 plectro
603 639 702 676 fatus
732 639 790 687 (2)
820 642 914 676 esset
942 639 1083 677 debilis.

216 693 329 738 Nam,
359 703 470 740 quum
498 692 679 739 magistra
706 692 803 729 vocis
832 692 869 729 in
900 692 1025 729 vitium
1054 692 1166 737 cadit,

218 746 314 784 Usus
334 756 478 783 necesse
497 746 552 782 est
566 747 601 782 et
615 745 784 792 loquendi
802 745 860 793 (3)
882 745 1089 783 intercidat.
1156 747 1231 782 990

269 810 352 848 Fiat
378 809 567 858 periclum,
597 809 630 847 si
656 809 790 857 placet,
820 809 1020 847 cuiusmodi

215 863 313 901 Edat
338 862 520 910 querelam
548 862 768 910 quadrupes,
796 862 926 910 lingua
953 864 1070 908 eruta,

215 916 387 964 Elinguis
413 917 450 952 et
477 927 582 963 quem
609 926 718 962 porca
745 915 959 963 grunnitum
988 917 1141 962 strepat,

215 969 282 1007 Cui
308 979 377 1006 vox
404 967 565 1015 fragosa,
595 968 731 1006 clamor
757 970 813 1006 est
840 968 1069 1006 inconditus:

215 1022 379 1060 Probabo
405 1022 544 1058 mutam
573 1021 626 1058 nil
653 1032 781 1058 sonare
809 1021 1017 1058 stridulum.
1155 1022 1230 1059 995

265 1086 391 1124 Testor
418 1084 572 1123 salutem
599 1085 790 1132 principis,
820 1097 875 1122 me
903 1085 1060 1132 simplici

213 1139 393 1177 Functum
421 1138 580 1176 secantis
607 1140 698 1184 arte,
730 1138 836 1176 iudex
863 1139 1011 1185 optimo,

195 1191 372 1230 ·Servisse
399 1191 510 1229 iussis
538 1191 674 1239 absque
702 1191 827 1229 fraude
856 1191 1024 1238 publicis.

213 1244 313 1283 Sciat
338 1244 398 1282 hic
425 1244 508 1292 quis
537 1244 592 1282 illi
619 1244 729 1282 verba
756 1245 933 1292 suggillet
963 1245 1021 1293 (4)
1054 1246 1172 1288 l)eus;

213 1298 307 1347 Ego,
336 1297 432 1336 unde
450 1299 572 1334 mutus
592 1297 641 1334 sit
659 1297 830 1344 disertus,
857 1297 990 1335 nescio.
1009 1311 1031 1332 ›>
1048 1319 1098 1324 —
1130 1299 1229 1335 1000

169 1465 214 1504 (1)
237 1465 375 1494 haustus
389 1465 548 1502 patentes.
571 1462 752 1502 Canaliculi,
777 1463 828 1500 qui
865 1463 949 1493 nobis
975 1464 1047 1493 sunt
1070 1464 1135 1493 usui
1158 1464 1228 1493 dum

106 1508 207 1538 cibum
228 1507 395 1544 potumque
416 1504 585 1534 haurimus.

168 1559 214 1598 (2)
225 1559 326 1597 fatus.
338 1557 445 1592 Fatus,
459 1566 504 1591 us,
519 1565 537 1586 a
548 1556 650 1591 fando,
662 1556 790 1593 loquela.
805 1557 840 1586 V.
854 1555 1001 1601 ’Ar-1032,
1015 1558 1086 1587 599,
1101 1575 1137 1579 —
1152 1559 1230 1588 Male

107 1608 208 1637 autem
220 1606 328 1644 factus
342 1605 374 1634 in
388 1604 479 1634 editt.
493 1603 666 1633 Weitziana
680 1608 712 1633 et
727 1604 996 1634 Amstelodamensi
1009 1613 1058 1634 an.
1075 1612 1227 1636 nim-xxxi.

169 1659 214 1697 (3)
235 1661 263 1688 et
284 1657 445 1696 loquendi.
470 1655 551 1686 Falsi
574 1659 646 1686 sunt
668 1658 817 1693 quotquot
845 1657 1022 1687 describunt
1042 1658 1208 1696 eloquendi
1215 1669 1228 1695 ,-

107 1701 190 1730 aliud
211 1700 323 1737 quippe
343 1700 393 1728 est
412 1697 528 1734 loquor,
552 1697 634 1727 aliud
657 1698 788 1734 eloquor.

169 1753 213 1789 (4)
237 1750 329 1781 verba
349 1750 481 1788 suqillet
502 1749 547 1779 vel
570 1750 734 1788 suqyillet.
759 1750 801 1780 De
822 1751 939 1787 origiue
962 1751 1044 1780 vorbi
1067 1752 1226 1789 suqillare

107 1795 160 1825 alii
184 1794 257 1823 alia.
281 1792 405 1829 Proprie
419 1791 578 1829 suqillare
599 1794 647 1820 est
668 1791 732 1821 ictu
746 1791 870 1821 livorem
889 1792 918 1820 in
935 1792 1070 1827 aliquam
1093 1793 1226 1830 corporis

107 1837 226 1874 partem
249 1833 402 1868 inducere,
428 1832 560 1868 illudque
586 1832 780 1867 contundere,
797 1832 923 1862 lividum
948 1834 1080 1863 reddere.
1105 1835 1223 1863 Transi.

107 1877 190 1906 valet
200 1874 354 1906 occludere
365 1874 414 1911 (V.
427 1873 508 1903 Non.
524 1874 574 1908 11,
589 1874 674 1911 785),
687 1873 733 1903 vel
745 1875 864 1903 arctare
875 1882 901 1904 e.
915 1882 962 1910 gr.
980 1875 1091 1910 fauces,
1108 1875 1222 1910 gulam,

106 1917 310 1954 strangulare.
333 1915 396 1945 Hoc
410 1923 498 1944 sensu
515 1914 649 1944 nonnulli
671 1923 738 1944 cnm
754 1915 888 1950 Theolio.
904 1915 1019 1945 editore
1034 1918 1134 1945 nostro
1151 1917 1222 1946 Par-

108 1959 216 1994 mensi,
229 1958 318 1988 aiunt
333 1958 509 1993 usurpatam
526 1964 626 1985 vocem
642 1956 785 1994 suyillet,
803 1956 925 1993 perinde
941 1957 1026 1992 quasi
1040 1957 1223 1987 Prudentius

106 2000 223 2030 diceret
236 2021 244 2035 ,
266 1998 441 2034 chirurgiae
462 1996 613 2026 doctorem
635 1997 766 2026 nobilem
788 1997 873 2027 illuni
896 1997 1066 2028 Aristonem
1089 1999 1221 2028 accitum

106 2041 241 2078 linguam
264 2038 404 2075 martiyri
426 2038 568 2073 secuisse,
590 2045 684 2074 eoque
699 2038 786 2068 modo
806 2047 872 2068 eum
888 2038 1035 2074 loquendo
1056 2039 1220 2070 inhabilem

106 2081 290 2116 reddidisse;
316 2080 368 2110 sed
392 2080 487 2115 enim,
511 2079 670 2116 quisnam,
692 2079 721 2109 ei
743 2079 856 2109 nolenti
879 2080 978 2116 gulam
1002 2081 1223 2119 comprimendo
