1450 2537
185 146 234 184 34
565 153 714 182 AVRELH
743 151 940 179 annssx'rn

396 269 426 307 O
454 279 564 315 quam
590 265 771 314 profunda
798 264 906 301 iustis

342 323 490 360 Arcana
516 331 578 367 per
607 329 768 366 soporem

344 374 473 421 Aperit
499 373 635 410 tuenda
664 370 851 409 Christus!
1264 370 1312 407 75

343 428 459 473 Quam
486 426 608 470 clara,
639 435 748 471 quam
775 421 953 460 tacenda!

396 478 635 525 Evangelista
663 474 797 514 summi

344 532 558 570 Fidissirnus
588 528 774 576 Magistri,

343 586 495 633 Signata
524 596 615 631 quae
643 582 810 619 latebant

344 638 497 676 Nebulis
525 636 625 674 videt
651 635 822 679 remotis;
1239 670 1243 671 ⁷
1265 635 1314 672 00

396 692 522 737 Ipsum
551 688 729 727 Tonantis
757 699 895 735 agnum

344 746 396 781 De
425 743 531 780 caede
558 742 833 789 purpurantem,

344 797 412 842 Qui
442 795 624 833 conscium
652 793 767 831 futuri

343 850 492 888 Librum
519 848 686 895 resignat
711 857 808 884 unus
837 844 911 894 (1).

396 902 517 939 Huius
545 912 696 937 manum
722 900 907 947 potentem
1265 899 1314 936 85

344 955 497 993 Gladius
525 954 710 1001 perarmat
736 963 885 999 anceps,

343 1010 389 1046 Et
416 1008 609 1055 fulgurans
637 1006 809 1053 utrinque

344 1061 532 1108 Duplicem
560 1060 722 1097 minatur
750 1059 879 1096 ictum.

395 1113 583 1159 Quaesitor
610 1112 672 1150 iHe
701 1112 801 1149 solus

344 1168 583 1214 Animaeque,
615 1164 860 1212 corporisque,
1266 1165 1315 1203 90

343 1220 522 1267 Ensisque
551 1219 607 1257 bis
633 1217 819 1256 timendus

345 1273 468 1311 Prima
496 1284 538 1310 ae
568 1272 727 1310 secunda
754 1282 852 1309 mors
882 1272 937 1309 est
968 1271 1041 1319 (2).

397 1326 500 1363 Idem
526 1327 651 1363 tamen
677 1324 861 1372 benignus

342 1379 447 1417 Ultor
473 1378 636 1416 retundit
663 1378 771 1424 iram,

342 1434 554 1479 Paucosque
582 1442 656 1469 non
683 1430 826 1478 piorum
1265 1431 1315 1468 90

341 1485 486 1523 Patitur
512 1484 628 1531 perire
656 1484 696 1521 in
724 1495 853 1521 aevum
884 1483 959 1531 (3).

395 1538 493 1575 Huic
521 1537 681 1585 inclytus
708 1548 866 1583 perenne

340 1591 482 1628 Tribuit
510 1591 619 1627 Pater
645 1589 833 1635 tribuna13

344 1645 453 1681 Hune
481 1642 642 1681 obtinere
669 1642 778 1680 iussit

341 1698 485 1734 Nomen
514 1707 625 1743 supra
653 1707 758 1733 omne
787 1707 935 1733 nomen.
1239 1695 1315 1734 100

249 1785 293 1823 (1)
316 1785 439 1815 Poetice
454 1784 570 1814 dictum
587 1783 664 1814 haec
679 1784 774 1821 puta;
788 1792 848 1813 non
860 1784 942 1814 enim
955 1783 985 1814 S.
999 1783 1126 1813 Ioannes
1139 1783 1260 1820 quaein
1274 1783 1314 1812 A·

187 1827 338 1863 pot-alypsi
354 1827 473 1861 narrat,
492 1834 527 1855 ea
541 1825 705 1855 secundum
721 1826 856 1861 quietem
871 1825 965 1860 vidit,
979 1825 1031 1855 sed
1047 1825 1135 1860 vigil,
1149 1825 1316 1860 divinoqm

185 1868 304 1905 Spiritu
317 1868 443 1902 affatus,
452 1868 566 1904 scripto
575 1866 719 1896 tradidit.
730 1866 854 1896 Videsis
863 1866 898 1895 B.
908 1867 1054 1895 Bossvm
1067 1865 1208 1897 P1·aef.in
1220 1865 1314 1903 Apoc.

248 1909 292 1944 (2)
316 1909 433 1938 Prima
454 1918 492 1937 ac
513 1908 655 1937 secunda
676 1917 775 1937 mors.
799 1908 837 1936 V.
860 1907 996 1945 Apocal.
1020 1915 1075 1936 xx.

249 1950 292 1987 (3)
316 1951 421 1987 perire
435 1950 467 1977 in
485 1959 609 1978 aevum.
628 1949 721 1986 Quem
735 1949 816 1978 latet
830 1948 884 1978 Dei
899 1949 1084 1983 bonitatem,
1099 1947 1191 1977 nullis
1205 1947 1317 1976 finibus

187 1991 407 2020 terminatam?
424 1990 460 2019 V.
478 1990 553 2026 Reg.
570 1991 612 2024 ΙΙ,
630 1999 697 2025 xxv,
717 1991 765 2019 14.
782 1989 840 2020 Sed
852 1990 1010 2019 beatorum
1023 1988 1200 2018 coelestium
1212 1996 1315 2017 mune-

186 2041 253 2061 r1nn
271 2032 351 2060 infra
368 2032 570 2068 improborum
586 2040 746 2060 numerum
762 2031 837 2066 fore,
853 2031 904 2066 qui
920 2030 1114 2067 sempiternis
1127 2030 1316 2059 cruciatibus

187 2074 255 2103 sint
269 2073 433 2108 afficiendi,
452 2073 539 2102 docet
555 2073 634 2101 idem
660 2074 752 2110 poeta
767 2073 872 2102 noster
885 2072 1078 2110 Hamartiy.
1097 2071 1158 2101 820
1173 2073 1206 2101 et
1219 2078 1305 2107 seqq.
