1502 2537
352 144 464 182 ΠΕΡΙ
489 145 747 184 ΣΤΕΦΑΝΩΝ
778 153 930 183 ιιῃωνε
956 154 980 182 x
1159 143 1233 182 181

218 269 347 306 Furem
377 267 436 316 (1)
466 268 593 307 deinde
620 268 752 317 perditi
780 280 911 317 passus
939 268 1078 316 gregis,

216 321 347 370 Segnis
374 322 552 360 bubulcus
579 323 653 360 tela
683 323 741 371 (2)
772 325 809 360 et
838 323 917 370 ipsa
946 321 1116 369 perdidit.
1163 320 1237 358 12⁸5

269 393 331 430 An
358 392 406 429 ad
434 393 584 440 Cybeles
613 393 673 441 (3)
703 392 762 430 ibo
789 392 910 430 lucum
940 392 1116 438 pineum?

217 445 313 482 Puer
339 445 403 482 sed
430 445 551 483 obstat
580 446 709 484 Gallus
739 445 814 494 (4),
845 446 890 482 ob
918 444 1107 482 libidinem

219 497 288 535 Per
313 498 417 535 triste
446 498 594 544 vulnus,
625 510 757 546 perque
786 500 925 536 sectum
953 498 1106 535 dedecus

217 550 276 588 Ab
302 550 507 598 impudicae
534 553 636 589 tutus
664 551 833 598 amplexu
862 551 971 588 deae:

218 603 288 642 Per
313 603 431 642 multa
458 604 568 641 Matri
598 615 703 642 sacra
731 604 929 651 plorandus
957 603 1082 650 spado.
1164 604 1240 639 200

269 674 352 720 Sed,
382 674 501 720 credo,
528 674 655 721 magni
681 674 793 711 limen
823 674 1021 721 amplectar
1048 672 1169 711 Iovis:

216 727 287 772 Qui
314 727 347 765 si
373 726 505 765 citetur
531 727 677 775 legibus
705 727 836 764 vestris
863 738 961 773 reus,

217 779 375 828 Laqueis
403 779 558 817 minacis
585 779 794 827 implicatus
821 779 939 817 Iuliae
968 779 1043 827 (5),

216 833 313 870 Luat
340 844 501 870 severam
529 832 676 870 vinctus
705 833 763 881 (6)
793 834 829 870 et
855 832 1096 877 Scantiniam,

215 885 266 923 Te
293 885 478 934 cognitore
498 884 574 934 (7),
597 885 732 933 dignus
760 885 811 922 ire
840 884 878 922 in
907 896 1099 922 carcerem.
1164 886 1239 921 205

268 955 364 1002 Quid
389 966 580 993 aureorum
607 955 829 993 conditorem
855 957 1058 1002 temporum
1088 955 1145 1001 (8)

217 1009 350 1047 Censes
377 1008 594 1046 colendum?
621 1019 728 1056 quem
756 1007 923 1055 fugacem
950 1018 1024 1045 non
1053 1019 1169 1055 negas

215 1061 385 1100 Latuisse
412 1060 554 1108 furtim,
585 1061 671 1098 dum
698 1060 911 1098 reformidat
938 1060 1098 1098 malum:

214 1114 329 1160 Quem
356 1114 389 1152 si
415 1114 519 1152 beate
546 1114 666 1152 vivere
695 1114 800 1151 audit
826 1113 1007 1161 Iuppiter,

160 1217 167 1223 .
214 1167 360 1205 Plectat
385 1178 531 1205 necesse
558 1169 614 1205 est
641 1166 829 1205 occulendi
856 1166 1034 1204 conscios.
1163 1166 1239 1203 210

171 1331 220 1372 (1)
241 1332 349 1369 furem
365 1340 500 1370 passus.
525 1331 722 1367 Mercurium,
745 1331 796 1367 qui
819 1331 847 1360 ei
870 1331 960 1360 boves
975 1338 1027 1368 per
1043 1330 1237 1359 surtumsub-

65 1408 69 1411 .
109 1379 211 1416 duxit,
234 1379 281 1408 uti
303 1379 432 1416 legimus
454 1379 486 1408 in
508 1379 638 1408 Metam.
660 1378 701 1408 H.

171 1437 223 1478 (2)
244 1437 347 1469 tela...
365 1437 525 1476 perdidit.
550 1437 587 1466 V.
610 1436 736 1466 Ηοιιᾼτ.
759 1436 910 1475 Lyricor.
934 1437 961 1472 1,
987 1436 1036 1470 10:
1064 1436 1112 1466 10.

171 1495 223 1536 (3)
245 1496 290 1526 ad
305 1495 443 1534 Cybeles,
466 1495 513 1525 vel
536 1495 679 1533 Cybebes.
704 1494 815 1524 Hems.
841 1511 879 1516 —
903 1495 1053 1533 Cybellis‚
1077 1494 1180 1525 Gism..

173 1554 220 1594 (4)
236 1564 323 1594 puer
334 1554 463 1585 Gallus.
478 1554 569 1592 Atys,
586 1563 661 1591 puer
675 1553 840 1591 Phrygius.
857 1553 900 1583 De
916 1553 972 1583 hoc
987 1561 1078 1590 puero
1092 1555 1124 1583 ot
1140 1553 1238 1589 Rhea,

110 1610 187 1639 quae
200 1610 270 1632 eum
285 1602 439 1640 deperiret
460 1601 497 1633 V.
522 1601 550 1632 S.
575 1602 712 1632 Avovsr.
737 1602 784 1631 De
808 1602 906 1632 Civit.
930 1601 1002 1631 Dei.
1027 1600 1080 1636 VI,
1106 1602 1135 1631 7.

173 1660 224 1700 (5)
246 1660 407 1699 leqibus...
431 1660 550 1690 Iuliae.
574 1660 637 1690 Lex
653 1660 733 1690 IuJia.
756 1660 788 1689 in
821 1659 974 1689 mlulteros
1009 1659 1075 1689 iata
1095 1661 1175 1691 erat.
1201 1659 1237 1689 V.

109 1707 203 1739 szr.
224 1709 363 1746 Anquet.
384 1715 495 1737 κων.

175 1766 225 1806 (6)
248 1767 387 1797 vinctus.
400 1765 512 1796 Hems.
527 1765 590 1796 Alii
603 1774 672 1796 cum
683 1766 821 1797 Giseun.
836 1767 950 1796 victus.
968 1781 1006 1786 —
1019 1765 1237 1795 Scantiniam.

110 1814 201 1851 Legis
231 1813 411 1844 Scantiniae
435 1813 469 1842 in
501 1813 671 1851 impudicos
703 1813 847 1843 meminit
877 1813 969 1843 Svn'r.
997 1813 1118 1842 Domit.
1150 1813 1237 1848 ΥΠΙς

111 1860 221 1891 Ῑννιιιτ.
239 1861 309 1891 Sat.
324 1860 368 1896 11,
384 1861 436 1896 44,
455 1861 486 1889 et
501 1860 647 1898 Qvnvru„
663 1861 748 1890 Inst.
767 1861 858 1890 Orat.
874 1859 928 1894 IV,
952 1860 983 1894 2,
1007 1868 1025 1888 a
1047 1859 1126 1890 mod.

174 1919 223 1960 (7)
245 1922 274 1949 te
293 1920 469 1958 coquitore.
493 1918 638 1956 Cognitor
660 1919 692 1948 in
714 1927 746 1949 re
768 1918 947 1953 iudiciaria,
969 1918 1021 1954 qui
1045 1927 1167 1947 causam
1192 1917 1238 1947 vel

111 1967 228 1998 crimen
249 1967 376 1998 alterius
398 1966 507 1996 indicii
529 1975 622 1996 causa
643 1967 814 2003 cognoscit3
832 1966 998 2003 quaesitor,
1013 1965 1115 1995 iudex.

174 2026 219 2064 (8)
241 2035 372 2056 aureor.
395 2025 551 2055 conditor.
581 2028 772 2063 temporum.
796 2024 975 2061 Saturnum,
997 2032 1055 2061 quo
1078 2025 1238 2060 regnante,

113 2072 146 2103 in
167 2073 261 2103 terris
282 2081 374 2102 aurea
396 2072 577 2102 mortalibus
598 2074 686 2101 aetas
707 2072 810 2101 fluxit.
