1450 2537
215 133 265 171 24
596 141 746 170 Avnnm
771 140 970 169 annmrrn

1007 200 1328 211 ,———--——

322 255 378 292 Sic
407 265 487 300 nos,
518 253 727 292 muneribus
754 252 829 290 tuis
856 251 994 298 refecti,

269 307 437 354 Largitor
465 308 563 345 Deus
591 306 753 345 omnium
781 307 973 352 bonorum,

269 361 398 397 Grates
425 360 622 405 reddimus,
653 361 689 396 et
717 370 903 397 sacramus
931 358 1100 406 hymnos.
1291 359 1338 396 75

320 414 374 450 Tu
402 424 469 450 nos
496 412 663 450 tristifico
692 412 792 448 velut
817 413 990 459 tyranno,

268 466 397 502 Mundi
424 465 563 503 scilicet
588 464 797 512 impotentis
824 466 908 501 actu

269 518 464 556 Conclusos
491 518 603 566 regis,
634 520 670 555 et
697 517 811 554 feram
841 518 899 566 (1)
929 517 1100 564 repellis,

320 571 417 616 Quae
444 570 716 617 circumfremit,
748 582 791 608 ac
818 581 944 608 vorare
971 571 1105 617 tentat,

268 625 425 665 Insanos
453 635 586 661 acuens
613 623 731 660 furore
760 623 910 668 dentes3
1291 623 1341 661 80

268 678 339 715 Cur
366 679 401 714 te
431 678 504 726 (2),
536 688 673 714 summe
702 677 815 722 Dens,
847 687 1032 723 precemur
1058 688 1185 713 unum.

319 730 516 776 Vexamnr,
546 729 757 776 premimur,
787 729 896 767 malis
923 730 1108 766 rotamur:

268 783 444 829 Oderunt,
475 783 652 828 lacerant,
682 782 850 828 trahunt,
880 782 1089 828 lacessunt;

267 836 399 872 Iuncta
427 837 482 872 est
510 834 699 882 suppliciis
727 835 817 873 fides
846 835 997 883 iniquis.

320 889 397 926 Nec
426 889 511 925 defit
537 890 661 926 tamen
690 888 810 926 anxiis
839 888 1000 935 medela3
1290 888 1339 926 85

266 942 378 987 Nam,
399 941 597 990 languente
623 940 718 979 truci
745 941 862 979 leonis
889 941 958 987 ira,

266 995 439 1042 Inlapsae
467 994 793 1043 superingeruntur
820 1006 922 1032 escae
953 993 1027 1042 (3).

319 1048 417 1093 Quas
444 1047 477 1085 si
503 1046 585 1095 quis
612 1046 777 1085 sitienter
805 1047 1019 1094 hauriendo,

266 1101 351 1137 Non
381 1101 492 1148 gustu
518 1099 621 1137 tenui
649 1100 713 1137 sed
741 1111 799 1138 ore
827 1100 950 1148 pleno,

267 1153 431 1191 Internis
457 1152 547 1191 velit
573 1152 759 1200 implicare
787 1153 913 1200 venis,
1289 1154 1339 1191 90

318 1206 390 1244 Hic
418 1207 544 1244 sancto
573 1206 730 1244 satiatus
758 1218 801 1244 ex
827 1206 1004 1254 propheta
1034 1206 1108 1255 (4),

265 1260 449 1297 Iustorum
476 1258 595 1307 capiet
621 1258 721 1297 cibos
748 1259 908 1297 virorum
923 1289 931 1305 ‚

266 1312 335 1358 Qui
363 1312 520 1350 fructum
547 1312 692 1350 domino
719 1313 862 1350 metunt
888 1312 1052 1359 perenni.

316 1365 382 1403 Nil
409 1367 465 1402 est
491 1364 634 1403 dulcius
661 1377 704 1403 ac
730 1366 851 1413 magis
876 1377 1064 1413 saporum,

264 1418 330 1456 Nil
357 1418 452 1466 quod
479 1418 562 1465 plus
588 1418 769 1456 hominem
799 1419 923 1456 iuvare
951 1419 1080 1466 possit,
1288 1419 1323 1456 9.
1357 1445 1362 1449 -

263 1472 379 1517 Quam
406 1471 502 1508 vatis
530 1471 592 1518 pia
618 1472 864 1519 praecinentis
892 1483 986 1509 orsa.

317 1524 388 1562 His
415 1524 571 1571 sumptis
597 1524 683 1562 licet
709 1524 871 1562 insolens
899 1526 1061 1572 potestas

266 1578 427 1615 Pravum
455 1576 603 1624 iudicet,
635 1576 848 1626 inrogetque
877 1579 1051 1625 mortem3

263 1630 420 1678 Impasti
445 1630 532 1668 licet
558 1630 702 1668 irruant
728 1630 875 1679 leones,

274 1788 318 1827 (1)
339 1789 456 1826 teram,
480 1789 677 1819 Daemonem.
701 1789 737 1820 V.
761 1788 915 1820 Ameana.
941 1789 1084 1827 Infbror.
1109 1789 1178 1826 VII,
1204 1789 1254 1821 15.

272 1841 317 1879 (2)
341 1842 410 1871 Cur
420 1844 458 1871 te.
472 1841 541 1871 Cur
552 1844 580 1870 te
591 1841 623 1870 in
635 1841 712 1871 trib.
721 1841 855 1877 Vatice.‚
867 1843 900 1871 et
914 1842 1075 1873 Hmnsws.
1085 1842 1167 1872 Cum
1180 1845 1219 1878 te,
1231 1842 1336 1873 G1snL.

210 1884 242 1911 et
264 1882 393 1916 Wnl'rz.;
410 1882 461 1912 sed
482 1882 573 1912 lectio
589 1883 672 1919 prior
688 1883 898 1919 anteferenda,
915 1891 974 1919 qua
990 1883 1070 1913 ratio
1085 1883 1172 1913 nobis
1187 1883 1337 1920 redditur,

210 1924 247 1953 ob
270 1932 361 1960 quam
383 1924 544 1953 daemones
566 1932 618 1953 1108
641 1924 786 1954 devorare
808 1926 965 1954 conentur.

274 1977 317 2015 (3)
333 1986 430 2047 escag.
443 1977 529 2006 Escis
541 1985 647 2015 nempe
671 1978 897 2014 innuffluntur,
916 1985 994 2014 quae
1005 1985 1063 2006 non
1076 1977 1137 2007 iam
1150 1986 1270 2016 corpus,
1285 1978 1337 2008 sed

210 2019 345 2047 animum
368 2027 399 2047 re
423 2019 518 2048 ciant.

273 2072 317 2109 (4)
329 2081 368 2100 ea:
376 2072 548 2109 propheta.
564 2071 820 2109 Quemadmodum
833 2071 940 2102 Daniel
952 2071 990 2102 ab
1002 2070 1146 2102 Habacuc.
1159 2076 1207 2103 est
1216 2073 1336 2111 pastus.
