1450 2537
222 150 323 177 xxxn
459 151 506 178 DE
534 151 738 178 PRVDENTIO
766 151 918 183 EIVSQVE
946 149 1120 177 OPERIBVS

613 211 679 215 —.
691 212 728 214 —
738 212 909 214 -W—.-
920 212 926 213 ἶ
961 212 1062 215 ——.,7..
1084 212 1092 215 .
1110 212 1135 215 a.
1148 212 1166 215 ἡ
1194 211 1343 218 η.,,.ῂ-ς

214 289 280 323 res
319 275 557 317 catholicam
595 275 835 329 sapientiam
877 275 1039 328 professi
1081 276 1212 316 essent
1242 275 1346 318 inter

219 347 401 388 classicos
446 346 754 393 admunerandh
788 358 899 386 eosne
933 345 1089 387 deceret
1118 346 1159 387 in
1198 346 1344 388 scholis

220 417 487 469 interpretari,
519 431 567 457 an
600 417 731 457 tutius
762 416 862 457 foret
892 429 1027 458 omnes
1059 429 1079 458 e
1110 417 1257 470 puerili
1288 417 1349 458 in-

217 487 425 528 stitutione
457 487 702 528 submovere.
738 486 900 527 Marcus
924 486 1122 528 Antonius
1144 486 1346 537 Muretus,

219 557 287 610 qui
318 557 471 598 Romae
501 556 728 597 liberaliora
759 556 895 598 studia
926 556 1139 610 professus,
1161 556 1349 598 iuventu-

218 629 303 668 tem
333 627 459 668 latina
491 627 562 667 illa
594 626 885 668 sententiarum
917 627 1135 680 gravitate,
1177 629 1350 682 aptaque

218 699 258 738 ct
289 697 402 750 quasi
432 697 605 738 rotunda
637 696 848 738 verborum
889 697 1179 739 constructione
1217 697 1269 739 ad
1308 711 1349 740 se

216 768 480 809 confluentem
511 768 593 809 iam
625 768 780 821 aliquot
811 781 929 810 annos
959 768 1170 819 illiciebat,
1202 768 1348 810 cicero—

217 838 354 880 nianus
371 852 492 892 purus
523 840 644 891 putus
666 841 774 888 erat,
798 839 870 880 sed
890 839 1148 892 pedetentim,
1171 839 1211 880 in
1233 842 1347 882 aestu

216 910 296 951 fere
326 909 425 960 litis,
457 923 498 951 re
530 910 757 951 accuratius
789 923 992 964 perpensa,
1025 923 1048 951 a
1078 913 1235 964 recepta
1264 911 1348 965 opi-

217 980 325 1022 nione
356 982 597 1029 recesserat,
631 993 724 1022 voce
757 982 797 1022 et
828 981 988 1035 scriptis
1020 981 1070 1022 ad
1101 980 1347 1024 Christianos

215 1053 395 1093 auctores
405 1051 528 1093 latine
549 1051 813 1093 scribentibus
830 1052 914 1093 sine
931 1052 1017 1093 ulla
1028 1052 1220 1106 religione
1242 1054 1347 1094 tam-

215 1135 337 1176 quam
357 1122 407 1163 ad
428 1122 554 1163 sontes
595 1122 765 1164 sinceros
788 1123 1017 1164 adeundum
1039 1123 1243 1165 contendit
1271 1123 1346 1178 (1).

214 1192 376 1234 Cum-eo
392 1193 514 1233 multi
530 1193 721 1243 fecerunt,
746 1205 817 1234 nec
842 1193 1103 1248 inelegantes,
1119 1206 1188 1235 nec
1210 1193 1346 1235 ineru-

215 1262 289 1304 diti
310 1262 525 1316 philologi,
552 1262 655 1304 inter
681 1275 775 1316 quos
793 1263 956 1305 Ioannes
978 1263 1204 1306 Ludovicus
1221 1263 1343 1306 Vives

214 1333 362 1374 enituit
391 1333 551 1374 Erasini
583 1333 818 1387 discipulus,
851 1347 1018 1388 quorum
1049 1334 1197 1388 dialogi
1229 1335 1346 1389 plau-

213 1403 298 1444 tina
329 1403 548 1445 festivitate
580 1417 809 1457 perspersie
840 1418 908 1447 nos
940 1406 1126 1459 puerulos
1147 1405 1187 1446 in
1208 1418 1345 1459 gram-

214 1475 384 1516 maticae
415 1474 509 1515 ludo
541 1487 615 1515 non
646 1475 728 1516 sine
760 1476 942 1517 utilitate
974 1476 1218 1527 detinebant,
1249 1489 1343 1530 prae

213 1545 450 1599 quibusdam
484 1545 748 1587 recentiorum
771 1547 1118 1589 exercitationibus
1139 1547 1245 1589 irata
1265 1547 1344 1588 mi-

212 1629 330 1657 nerva
361 1616 655 1658 consarcinatis.
690 1617 932 1659 Valentinus
953 1617 1018 1659 hic
1039 1618 1246 1672 professor,
1271 1619 1342 1672 qui

213 1686 479 1727 Prudentiuni
510 1700 584 1728 non
615 1687 757 1740 primis
777 1689 939 1728 tantum
961 1688 1120 1730 labellis
1151 1689 1344 1742 degusta—

213 1759 338 1807 verat,
370 1770 502 1799 omnes
533 1758 637 1799 vires
668 1771 760 1800 suas
791 1759 832 1800 in
865 1760 1004 1812 poetae
1036 1759 1193 1813 hispani
1215 1760 1343 1801 excel-

212 1827 336 1868 lentia
366 1829 571 1870 asserenda
602 1831 786 1882 expertus
807 1832 880 1871 est.
904 1829 979 1872 Sed
1002 1830 1103 1871 tanti
1127 1830 1338 1872 defensoris

211 1901 375 1940 conatus
406 1899 446 1940 in
478 1900 640 1941 irritum
663 1913 841 1942 cessere:
866 1901 988 1942 ceteri
1011 1901 1279 1943 Immmzistae
1298 1901 1339 1942 in

212 1969 291 2010 alia
321 1970 467 2021 omnia,
489 1971 594 2013 alius
616 1971 696 2012 alia
716 1971 764 2013 de
785 1984 918 2022 causa,
940 1971 1197 2023 discedentes,
1220 1971 1338 2014 bene-

259 2069 310 2110 (1)
337 2068 369 2103 V.
389 2069 422 2103 A.
442 2069 579 2110 Mvnm,
600 2070 718 2110 Epist.
737 2070 769 2105 L.
792 2072 845 2112 11,
863 2071 970 2113 xxxvl,
989 2071 1121 2106 Horatio
1142 2071 1332 2108 Cardaneto.
