<?xml version="1.0" encoding="UTF-8"?>
<!DOCTYPE html PUBLIC "-//W3C//DTD XHTML 1.0 Transitional//EN"
    "http://www.w3.org/TR/xhtml1/DTD/xhtml1-transitional.dtd">
<html xmlns="http://www.w3.org/1999/xhtml" xml:lang="en" lang="en">
 <head>
  <title>
</title>
<meta http-equiv="Content-Type" content="text/html;charset=utf-8" />
  <meta name='ocr-system' content='tesseract 3.04.00' />
  <meta name='ocr-capabilities' content='ocr_page ocr_carea ocr_par ocr_line ocrx_word'/>
</head>
<body>
  <div class='ocr_page' id='page_1' title='image "./operapru01pruduoft_0153.png"; bbox 0 0 1502 2537; ppageno 0'>
   <div class='ocr_carea' id='block_1_1' title="bbox 0 0 812 162">
    <p class='ocr_par' dir='ltr' id='par_1_1' title="bbox 0 0 812 162">
     <span class='ocr_line' id='line_1_1' title="bbox 0 0 812 162; baseline 0 2375"><span class='ocrx_word' id='word_1_1' title='bbox 0 0 812 162; x_wconf 95' lang='lat' dir='ltr'><strong> </strong></span> 
     </span>
    </p>
   </div>
   <div class='ocr_carea' id='block_1_2' title="bbox 0 698 10 910">
    <p class='ocr_par' dir='ltr' id='par_1_2' title="bbox 0 698 10 910">
     <span class='ocr_line' id='line_1_2' title="bbox 0 698 10 910; textangle 90"><span class='ocrx_word' id='word_1_2' title='bbox 0 781 10 910; x_wconf 43' lang='grc' dir='ltr'><strong>ἡ*&lt;ο“·.1</strong></span> <span class='ocrx_word' id='word_1_3' title='bbox 0 698 10 730; x_wconf 62' lang='grc' dir='ltr'><strong>4ι-</strong></span> 
     </span>
    </p>
   </div>
   <div class='ocr_carea' id='block_1_3' title="bbox 355 170 1263 212">
    <p class='ocr_par' dir='ltr' id='par_1_3' title="bbox 355 170 1263 212">
     <span class='ocr_line' id='line_1_3' title="bbox 355 170 1263 212; baseline -0.003 0"><span class='ocrx_word' id='word_1_4' title='bbox 355 177 466 212; x_wconf 83' lang='lat' dir='ltr'><strong>IIEPI</strong></span> <span class='ocrx_word' id='word_1_5' title='bbox 494 176 751 212; x_wconf 78' lang='grc' dir='ltr'><strong>ΣΤΕΦΑΝΩΝ</strong></span> <span class='ocrx_word' id='word_1_6' title='bbox 782 184 933 212; x_wconf 75' lang='lat' dir='ltr'><strong>nnnws</strong></span> <span class='ocrx_word' id='word_1_7' title='bbox 957 184 1001 210; x_wconf 88' lang='lat'><strong>111</strong></span> <span class='ocrx_word' id='word_1_8' title='bbox 1190 170 1263 210; x_wconf 91' lang='lat'><strong>111</strong></span> 
     </span>
    </p>
   </div>
   <div class='ocr_carea' id='block_1_4' title="bbox 297 297 1265 1620">
    <p class='ocr_par' dir='ltr' id='par_1_4' title="bbox 353 297 936 347">
     <span class='ocr_line' id='line_1_4' title="bbox 353 297 936 347; baseline -0.003 -11"><span class='ocrx_word' id='word_1_9' title='bbox 353 299 422 336; x_wconf 86' lang='lat' dir='ltr'><strong>Sed</strong></span> <span class='ocrx_word' id='word_1_10' title='bbox 449 299 511 347; x_wconf 86' lang='lat' dir='ltr'><strong>pia</strong></span> <span class='ocrx_word' id='word_1_11' title='bbox 538 310 624 336; x_wconf 81' lang='lat' dir='ltr'><strong>cura</strong></span> <span class='ocrx_word' id='word_1_12' title='bbox 651 298 815 346; x_wconf 87' lang='lat' dir='ltr'><strong>parentis</strong></span> <span class='ocrx_word' id='word_1_13' title='bbox 842 297 936 345; x_wconf 75' lang='lat' dir='ltr'><strong>agit,</strong></span> 
     </span>
    </p>

    <p class='ocr_par' dir='ltr' id='par_1_5' title="bbox 301 351 960 400">
     <span class='ocr_line' id='line_1_5' title="bbox 301 351 960 400; baseline -0.005 -10"><span class='ocrx_word' id='word_1_14' title='bbox 301 351 415 400; x_wconf 83' lang='lat' dir='ltr'><strong>Virgo</strong></span> <span class='ocrx_word' id='word_1_15' title='bbox 443 352 610 390; x_wconf 85' lang='lat' dir='ltr'><strong>animosa</strong></span> <span class='ocrx_word' id='word_1_16' title='bbox 639 351 736 390; x_wconf 89' lang='lat' dir='ltr'><strong>domi</strong></span> <span class='ocrx_word' id='word_1_17' title='bbox 763 352 805 389; x_wconf 90' lang='lat' dir='ltr'><strong>ut</strong></span> <span class='ocrx_word' id='word_1_18' title='bbox 831 351 960 396; x_wconf 84' lang='lat' dir='ltr'><strong>lateat,</strong></span> 
     </span>
    </p>

    <p class='ocr_par' dir='ltr' id='par_1_6' title="bbox 301 403 970 451">
     <span class='ocr_line' id='line_1_6' title="bbox 301 403 970 451; baseline -0.004 -8"><span class='ocrx_word' id='word_1_19' title='bbox 301 405 440 443; x_wconf 79' lang='lat' dir='ltr'><strong>Abdita</strong></span> <span class='ocrx_word' id='word_1_20' title='bbox 467 417 548 442; x_wconf 89' lang='lat' dir='ltr'><strong>rure</strong></span> <span class='ocrx_word' id='word_1_21' title='bbox 576 406 613 442; x_wconf 91' lang='lat' dir='ltr'><strong>et</strong></span> <span class='ocrx_word' id='word_1_22' title='bbox 640 405 687 442; x_wconf 88' lang='lat' dir='ltr'><strong>ab</strong></span> <span class='ocrx_word' id='word_1_23' title='bbox 714 404 802 442; x_wconf 88' lang='lat' dir='ltr'><strong>urbe</strong></span> <span class='ocrx_word' id='word_1_24' title='bbox 830 403 970 451; x_wconf 88' lang='lat' dir='ltr'><strong>procul,</strong></span> 
     </span>
    </p>

    <p class='ocr_par' dir='ltr' id='par_1_7' title="bbox 302 457 938 506">
     <span class='ocr_line' id='line_1_7' title="bbox 302 457 938 506; baseline -0.002 -11"><span class='ocrx_word' id='word_1_25' title='bbox 302 458 359 495; x_wconf 88' lang='lat' dir='ltr'><strong>Ne</strong></span> <span class='ocrx_word' id='word_1_26' title='bbox 387 457 464 496; x_wconf 77' lang='lat' dir='ltr'><strong>fera</strong></span> <span class='ocrx_word' id='word_1_27' title='bbox 491 457 687 506; x_wconf 85' lang='lat' dir='ltr'><strong>sanguinis</strong></span> <span class='ocrx_word' id='word_1_28' title='bbox 715 457 755 495; x_wconf 92' lang='lat' dir='ltr'><strong>in</strong></span> <span class='ocrx_word' id='word_1_29' title='bbox 783 457 938 504; x_wconf 86' lang='lat' dir='ltr'><strong>pretium</strong></span> 
     </span>
    </p>

    <p class='ocr_par' dir='ltr' id='par_1_8' title="bbox 302 509 1265 612">
     <span class='ocr_line' id='line_1_8' title="bbox 302 509 1265 558; baseline -0.003 -9"><span class='ocrx_word' id='word_1_30' title='bbox 302 511 433 549; x_wconf 86' lang='lat' dir='ltr'><strong>Mortis</strong></span> <span class='ocrx_word' id='word_1_31' title='bbox 461 522 581 549; x_wconf 88' lang='lat' dir='ltr'><strong>amore</strong></span> <span class='ocrx_word' id='word_1_32' title='bbox 608 510 732 558; x_wconf 83' lang='lat' dir='ltr'><strong>puella</strong></span> <span class='ocrx_word' id='word_1_33' title='bbox 758 511 856 548; x_wconf 85' lang='lat' dir='ltr'><strong>ruat.</strong></span> <span class='ocrx_word' id='word_1_34' title='bbox 890 509 948 557; x_wconf 89' lang='lat'><strong>(1)</strong></span> <span class='ocrx_word' id='word_1_35' title='bbox 1216 510 1265 546; x_wconf 77' lang='lat'><strong>40</strong></span> 
     </span>
     <span class='ocr_line' id='line_1_9' title="bbox 355 562 963 612; baseline -0.003 -10"><span class='ocrx_word' id='word_1_36' title='bbox 355 564 428 602; x_wconf 84' lang='lat' dir='ltr'>Illa</span> <span class='ocrx_word' id='word_1_37' title='bbox 455 576 582 612; x_wconf 83' lang='lat' dir='ltr'><strong>perosa</strong></span> <span class='ocrx_word' id='word_1_38' title='bbox 610 563 742 612; x_wconf 84' lang='lat' dir='ltr'><strong>quietis</strong></span> <span class='ocrx_word' id='word_1_39' title='bbox 772 562 830 612; x_wconf 83' lang='lat'><strong>(2)</strong></span> <span class='ocrx_word' id='word_1_40' title='bbox 860 573 963 610; x_wconf 87' lang='lat' dir='ltr'><strong>opem</strong></span> 
     </span>
    </p>

    <p class='ocr_par' dir='ltr' id='par_1_9' title="bbox 302 615 910 665">
     <span class='ocr_line' id='line_1_10' title="bbox 302 615 910 665; baseline -0.003 -10"><span class='ocrx_word' id='word_1_41' title='bbox 302 617 481 665; x_wconf 85' lang='lat' dir='ltr'><strong>Degeneri</strong></span> <span class='ocrx_word' id='word_1_42' title='bbox 509 617 675 655; x_wconf 83' lang='lat' dir='ltr'>tollerare</span> <span class='ocrx_word' id='word_1_43' title='bbox 703 627 818 663; x_wconf 84' lang='lat' dir='ltr'><strong>mora,</strong></span> <span class='ocrx_word' id='word_1_44' title='bbox 851 615 910 664; x_wconf 87' lang='lat'><strong>(3)</strong></span> 
     </span>
    </p>

    <p class='ocr_par' dir='ltr' id='par_1_10' title="bbox 302 670 926 715">
     <span class='ocr_line' id='line_1_11' title="bbox 302 670 926 715; baseline -0.003 -7"><span class='ocrx_word' id='word_1_45' title='bbox 302 671 417 708; x_wconf 90' lang='lat' dir='ltr'><strong>Nocte</strong></span> <span class='ocrx_word' id='word_1_46' title='bbox 444 670 540 708; x_wconf 85' lang='lat' dir='ltr'><strong>fores</strong></span> <span class='ocrx_word' id='word_1_47' title='bbox 568 670 646 708; x_wconf 89' lang='lat' dir='ltr'><strong>sine</strong></span> <span class='ocrx_word' id='word_1_48' title='bbox 674 671 764 707; x_wconf 87' lang='lat' dir='ltr'><strong>teste</strong></span> <span class='ocrx_word' id='word_1_49' title='bbox 792 671 926 715; x_wconf 86' lang='lat' dir='ltr'><strong>movet,</strong></span> 
     </span>
    </p>

    <p class='ocr_par' dir='ltr' id='par_1_11' title="bbox 300 722 974 771">
     <span class='ocr_line' id='line_1_12' title="bbox 300 722 974 771; baseline -0.001 -11"><span class='ocrx_word' id='word_1_50' title='bbox 300 724 477 771; x_wconf 88' lang='lat' dir='ltr'><strong>Septaque</strong></span> <span class='ocrx_word' id='word_1_51' title='bbox 506 723 666 761; x_wconf 86' lang='lat' dir='ltr'><strong>claustra</strong></span> <span class='ocrx_word' id='word_1_52' title='bbox 694 722 807 770; x_wconf 82' lang='lat' dir='ltr'><strong>fugax</strong></span> <span class='ocrx_word' id='word_1_53' title='bbox 835 722 974 770; x_wconf 87' lang='lat' dir='ltr'><strong>aperit;</strong></span> 
     </span>
    </p>

    <p class='ocr_par' dir='ltr' id='par_1_12' title="bbox 301 775 1263 877">
     <span class='ocr_line' id='line_1_13' title="bbox 301 775 1263 823; baseline -0.002 -10"><span class='ocrx_word' id='word_1_54' title='bbox 301 776 393 814; x_wconf 90' lang='lat' dir='ltr'><strong>Inde</strong></span> <span class='ocrx_word' id='word_1_55' title='bbox 422 787 485 823; x_wconf 89' lang='lat' dir='ltr'><strong>per</strong></span> <span class='ocrx_word' id='word_1_56' title='bbox 512 776 613 813; x_wconf 85' lang='lat' dir='ltr'><strong>invia</strong></span> <span class='ocrx_word' id='word_1_57' title='bbox 640 775 758 823; x_wconf 78' lang='lat' dir='ltr'>carpit</span> <span class='ocrx_word' id='word_1_58' title='bbox 784 776 866 812; x_wconf 86' lang='lat' dir='ltr'><strong>iter.</strong></span> <span class='ocrx_word' id='word_1_59' title='bbox 1215 776 1263 812; x_wconf 77' lang='lat'><strong>45</strong></span> 
     </span>
     <span class='ocr_line' id='line_1_14' title="bbox 354 827 904 877; baseline -0.002 -11"><span class='ocrx_word' id='word_1_60' title='bbox 354 829 566 877; x_wconf 83' lang='lat' dir='ltr'>Ingreditur</span> <span class='ocrx_word' id='word_1_61' title='bbox 593 829 745 876; x_wconf 76' lang='lat' dir='ltr'><strong>pedibus</strong></span> <span class='ocrx_word' id='word_1_62' title='bbox 772 827 904 866; x_wconf 83' lang='lat' dir='ltr'><strong>laceris</strong></span> 
     </span>
    </p>

    <p class='ocr_par' dir='ltr' id='par_1_13' title="bbox 301 880 1084 930">
     <span class='ocr_line' id='line_1_15' title="bbox 301 880 1084 930; baseline -0.004 -10"><span class='ocrx_word' id='word_1_63' title='bbox 301 883 371 920; x_wconf 90' lang='lat' dir='ltr'><strong>Per</strong></span> <span class='ocrx_word' id='word_1_64' title='bbox 398 882 478 920; x_wconf 85' lang='lat' dir='ltr'><strong>loca</strong></span> <span class='ocrx_word' id='word_1_65' title='bbox 506 883 611 920; x_wconf 84' lang='lat' dir='ltr'><strong>senta</strong></span> <span class='ocrx_word' id='word_1_66' title='bbox 638 882 712 920; x_wconf 86' lang='lat' dir='ltr'><strong>situ</strong></span> <span class='ocrx_word' id='word_1_67' title='bbox 740 882 776 918; x_wconf 88' lang='lat' dir='ltr'><strong>et</strong></span> <span class='ocrx_word' id='word_1_68' title='bbox 803 880 988 929; x_wconf 86' lang='lat' dir='ltr'><strong>vepribus,</strong></span> <span class='ocrx_word' id='word_1_69' title='bbox 1020 881 1084 930; x_wconf 82' lang='grc'><strong>(4)</strong></span> 
     </span>
    </p>

    <p class='ocr_par' dir='ltr' id='par_1_14' title="bbox 301 934 840 983">
     <span class='ocr_line' id='line_1_16' title="bbox 301 934 840 983; baseline -0.004 -10"><span class='ocrx_word' id='word_1_70' title='bbox 301 935 480 983; x_wconf 87' lang='lat' dir='ltr'><strong>Angelico</strong></span> <span class='ocrx_word' id='word_1_71' title='bbox 507 935 680 972; x_wconf 83' lang='lat' dir='ltr'><strong>comitata</strong></span> <span class='ocrx_word' id='word_1_72' title='bbox 708 934 840 972; x_wconf 86' lang='lat' dir='ltr'><strong>choro:</strong></span> 
     </span>
    </p>

    <p class='ocr_par' dir='ltr' id='par_1_15' title="bbox 299 987 882 1032">
     <span class='ocr_line' id='line_1_17' title="bbox 299 987 882 1032; baseline -0.003 -6"><span class='ocrx_word' id='word_1_73' title='bbox 299 989 349 1026; x_wconf 90' lang='lat' dir='ltr'><strong>Et</strong></span> <span class='ocrx_word' id='word_1_74' title='bbox 374 988 460 1026; x_wconf 82' lang='lat' dir='ltr'><strong>licet</strong></span> <span class='ocrx_word' id='word_1_75' title='bbox 487 987 634 1026; x_wconf 85' lang='lat' dir='ltr'><strong>horrida</strong></span> <span class='ocrx_word' id='word_1_76' title='bbox 663 998 734 1025; x_wconf 81' lang='lat' dir='ltr'><strong>nox</strong></span> <span class='ocrx_word' id='word_1_77' title='bbox 761 987 882 1032; x_wconf 79' lang='lat' dir='ltr'><strong>sileat,</strong></span> 
     </span>
    </p>

    <p class='ocr_par' dir='ltr' id='par_1_16' title="bbox 299 1040 1264 1140">
     <span class='ocr_line' id='line_1_18' title="bbox 299 1040 1264 1080; baseline -0.001 -1"><span class='ocrx_word' id='word_1_78' title='bbox 299 1041 408 1080; x_wconf 84' lang='lat' dir='ltr'><strong>Lucis</strong></span> <span class='ocrx_word' id='word_1_79' title='bbox 437 1041 547 1079; x_wconf 88' lang='lat' dir='ltr'><strong>habet</strong></span> <span class='ocrx_word' id='word_1_80' title='bbox 572 1042 697 1078; x_wconf 89' lang='lat' dir='ltr'><strong>tamen</strong></span> <span class='ocrx_word' id='word_1_81' title='bbox 724 1040 790 1077; x_wconf 82' lang='lat' dir='ltr'><strong>illa</strong></span> <span class='ocrx_word' id='word_1_82' title='bbox 819 1041 958 1078; x_wconf 81' lang='lat' dir='ltr'><strong>ducem.</strong></span> <span class='ocrx_word' id='word_1_83' title='bbox 1215 1042 1264 1078; x_wconf 76' lang='lat'><strong>50</strong></span> 
     </span>
     <span class='ocr_line' id='line_1_19' title="bbox 353 1093 945 1140; baseline -0.003 -8"><span class='ocrx_word' id='word_1_84' title='bbox 353 1094 412 1132; x_wconf 82' lang='lat' dir='ltr'><strong>Sic</strong></span> <span class='ocrx_word' id='word_1_85' title='bbox 439 1093 570 1131; x_wconf 86' lang='lat' dir='ltr'><strong>habuit</strong></span> <span class='ocrx_word' id='word_1_86' title='bbox 597 1104 772 1140; x_wconf 84' lang='lat' dir='ltr'><strong>generosa</strong></span> <span class='ocrx_word' id='word_1_87' title='bbox 799 1095 945 1140; x_wconf 87' lang='lat' dir='ltr'><strong>patrum</strong></span> 
     </span>
    </p>

    <p class='ocr_par' dir='ltr' id='par_1_17' title="bbox 300 1145 910 1192">
     <span class='ocr_line' id='line_1_20' title="bbox 300 1145 910 1192; baseline -0.003 -7"><span class='ocrx_word' id='word_1_88' title='bbox 300 1147 422 1185; x_wconf 78' lang='lat' dir='ltr'><strong>&#39;rurba</strong></span> <span class='ocrx_word' id='word_1_89' title='bbox 449 1145 724 1185; x_wconf 76' lang='lat' dir='ltr'><strong>columniferum</strong></span> <span class='ocrx_word' id='word_1_90' title='bbox 751 1147 910 1192; x_wconf 85' lang='lat' dir='ltr'><strong>radium,</strong></span> 
     </span>
    </p>

    <p class='ocr_par' dir='ltr' id='par_1_18' title="bbox 299 1200 946 1248">
     <span class='ocr_line' id='line_1_21' title="bbox 299 1200 946 1248; baseline -0.002 -10"><span class='ocrx_word' id='word_1_91' title='bbox 299 1201 468 1238; x_wconf 86' lang='lat' dir='ltr'><strong>Scindere</strong></span> <span class='ocrx_word' id='word_1_92' title='bbox 496 1200 559 1248; x_wconf 88' lang='lat' dir='ltr'><strong>qui</strong></span> <span class='ocrx_word' id='word_1_93' title='bbox 585 1200 775 1237; x_wconf 85' lang='lat' dir='ltr'><strong>tenebrosa</strong></span> <span class='ocrx_word' id='word_1_94' title='bbox 801 1201 946 1247; x_wconf 87' lang='lat' dir='ltr'><strong>potens,</strong></span> 
     </span>
    </p>

    <p class='ocr_par' dir='ltr' id='par_1_19' title="bbox 299 1252 866 1300">
     <span class='ocr_line' id='line_1_22' title="bbox 299 1252 866 1300; baseline -0.004 -8"><span class='ocrx_word' id='word_1_95' title='bbox 299 1254 415 1292; x_wconf 85' lang='lat' dir='ltr'><strong>Nocte</strong></span> <span class='ocrx_word' id='word_1_96' title='bbox 442 1253 541 1290; x_wconf 88' lang='lat' dir='ltr'><strong>viam</strong></span> <span class='ocrx_word' id='word_1_97' title='bbox 569 1252 647 1290; x_wconf 82' lang='lat' dir='ltr'><strong>face</strong></span> <span class='ocrx_word' id='word_1_98' title='bbox 675 1253 866 1300; x_wconf 83' lang='lat' dir='ltr'><strong>perspicua</strong></span> 
     </span>
    </p>

    <p class='ocr_par' dir='ltr' id='par_1_20' title="bbox 300 1305 1257 1407">
     <span class='ocr_line' id='line_1_23' title="bbox 300 1305 1257 1354; baseline -0.001 -10"><span class='ocrx_word' id='word_1_99' title='bbox 300 1306 505 1352; x_wconf 75' lang='lat' dir='ltr'><strong>Praestitit,</strong></span> <span class='ocrx_word' id='word_1_100' title='bbox 535 1306 740 1344; x_wconf 77' lang='lat' dir='ltr'><strong>intereunte</strong></span> <span class='ocrx_word' id='word_1_101' title='bbox 768 1306 872 1344; x_wconf 84' lang='lat' dir='ltr'><strong>chao.</strong></span> <span class='ocrx_word' id='word_1_102' title='bbox 907 1305 964 1354; x_wconf 86' lang='lat'><strong>(5)</strong></span> <span class='ocrx_word' id='word_1_103' title='bbox 1209 1308 1257 1343; x_wconf 81' lang='lat'><strong>55</strong></span> 
     </span>
     <span class='ocr_line' id='line_1_24' title="bbox 353 1358 948 1407; baseline -0.002 -10"><span class='ocrx_word' id='word_1_104' title='bbox 353 1360 438 1397; x_wconf 88' lang='lat' dir='ltr'><strong>Non</strong></span> <span class='ocrx_word' id='word_1_105' title='bbox 467 1359 573 1397; x_wconf 85' lang='lat' dir='ltr'><strong>aliter</strong></span> <span class='ocrx_word' id='word_1_106' title='bbox 600 1359 663 1407; x_wconf 84' lang='lat' dir='ltr'><strong>pia</strong></span> <span class='ocrx_word' id='word_1_107' title='bbox 691 1359 818 1406; x_wconf 85' lang='lat' dir='ltr'><strong>Virgo,</strong></span> <span class='ocrx_word' id='word_1_108' title='bbox 849 1358 948 1396; x_wconf 82' lang='lat' dir='ltr'><strong>viam</strong></span> 
     </span>
    </p>

    <p class='ocr_par' dir='ltr' id='par_1_21' title="bbox 299 1412 892 1458">
     <span class='ocr_line' id='line_1_25' title="bbox 299 1412 892 1458; baseline -0.002 -8"><span class='ocrx_word' id='word_1_109' title='bbox 299 1413 416 1451; x_wconf 89' lang='lat' dir='ltr'><strong>Nocte</strong></span> <span class='ocrx_word' id='word_1_110' title='bbox 444 1415 583 1458; x_wconf 82' lang='lat' dir='ltr'><strong>secuta,</strong></span> <span class='ocrx_word' id='word_1_111' title='bbox 615 1412 710 1449; x_wconf 88' lang='lat' dir='ltr'><strong>diem</strong></span> <span class='ocrx_word' id='word_1_112' title='bbox 738 1412 892 1458; x_wconf 87' lang='lat' dir='ltr'><strong>meruit;</strong></span> 
     </span>
    </p>

    <p class='ocr_par' dir='ltr' id='par_1_22' title="bbox 297 1464 877 1512">
     <span class='ocr_line' id='line_1_26' title="bbox 297 1464 877 1512; baseline -0.003 -8"><span class='ocrx_word' id='word_1_113' title='bbox 297 1466 377 1504; x_wconf 79' lang='lat' dir='ltr'><strong>Nec</strong></span> <span class='ocrx_word' id='word_1_114' title='bbox 404 1465 564 1503; x_wconf 86' lang='lat' dir='ltr'><strong>tenebris</strong></span> <span class='ocrx_word' id='word_1_115' title='bbox 591 1465 765 1512; x_wconf 77' lang='lat' dir='ltr'><strong>adoperta</strong></span> <span class='ocrx_word' id='word_1_116' title='bbox 791 1464 877 1511; x_wconf 86' lang='lat' dir='ltr'><strong>fuit,</strong></span> 
     </span>
    </p>

    <p class='ocr_par' dir='ltr' id='par_1_23' title="bbox 299 1517 1054 1566">
     <span class='ocr_line' id='line_1_27' title="bbox 299 1517 1054 1566; baseline 0 -10"><span class='ocrx_word' id='word_1_117' title='bbox 299 1519 431 1566; x_wconf 86' lang='lat' dir='ltr'><strong>Regna</strong></span> <span class='ocrx_word' id='word_1_118' title='bbox 459 1517 641 1565; x_wconf 85' lang='lat' dir='ltr'><strong>Canopica</strong></span> <span class='ocrx_word' id='word_1_119' title='bbox 671 1517 729 1566; x_wconf 87' lang='grc'><strong>(6)</strong></span> <span class='ocrx_word' id='word_1_120' title='bbox 760 1530 870 1566; x_wconf 88' lang='lat' dir='ltr'><strong>quum</strong></span> <span class='ocrx_word' id='word_1_121' title='bbox 898 1517 1054 1566; x_wconf 78' lang='lat' dir='ltr'><strong>fugeret,</strong></span> 
     </span>
    </p>

    <p class='ocr_par' dir='ltr' id='par_1_24' title="bbox 297 1571 1264 1620">
     <span class='ocr_line' id='line_1_28' title="bbox 297 1571 1264 1620; baseline 0 -10"><span class='ocrx_word' id='word_1_122' title='bbox 297 1571 347 1610; x_wconf 87' lang='lat' dir='ltr'><strong>Et</strong></span> <span class='ocrx_word' id='word_1_123' title='bbox 373 1582 481 1620; x_wconf 86' lang='lat' dir='ltr'><strong>super</strong></span> <span class='ocrx_word' id='word_1_124' title='bbox 508 1572 611 1610; x_wconf 86' lang='lat' dir='ltr'><strong>astra</strong></span> <span class='ocrx_word' id='word_1_125' title='bbox 637 1574 783 1619; x_wconf 85' lang='lat' dir='ltr'><strong>pararet</strong></span> <span class='ocrx_word' id='word_1_126' title='bbox 810 1571 891 1609; x_wconf 85' lang='lat' dir='ltr'><strong>iter.</strong></span> <span class='ocrx_word' id='word_1_127' title='bbox 1215 1573 1264 1610; x_wconf 87' lang='grc'><strong>60</strong></span> 
     </span>
    </p>
   </div>
   <div class='ocr_carea' id='block_1_5' title="bbox 137 1706 1264 1882">
    <p class='ocr_par' dir='ltr' id='par_1_25' title="bbox 137 1706 1264 1882">
     <span class='ocr_line' id='line_1_29' title="bbox 202 1706 1153 1746; baseline 0 -9"><span class='ocrx_word' id='word_1_128' title='bbox 202 1706 248 1746; x_wconf 93' lang='grc'><strong>(1)</strong></span> <span class='ocrx_word' id='word_1_129' title='bbox 269 1707 383 1737; x_wconf 73' lang='lat' dir='ltr'><strong>mortis</strong></span> <span class='ocrx_word' id='word_1_130' title='bbox 403 1716 523 1738; x_wconf 84' lang='lat' dir='ltr'><strong>amore.</strong></span> <span class='ocrx_word' id='word_1_131' title='bbox 547 1706 653 1737; x_wconf 82' lang='lat' dir='ltr'><strong>Puella</strong></span> <span class='ocrx_word' id='word_1_132' title='bbox 673 1706 818 1745; x_wconf 81' lang='lat' dir='ltr'><strong>martyrii</strong></span> <span class='ocrx_word' id='word_1_133' title='bbox 839 1706 988 1737; x_wconf 87' lang='lat' dir='ltr'><strong>desiderio</strong></span> <span class='ocrx_word' id='word_1_134' title='bbox 1010 1707 1153 1743; x_wconf 79' lang='lat' dir='ltr'><strong>flagrans.</strong></span> 
     </span>
     <span class='ocr_line' id='line_1_30' title="bbox 137 1753 1264 1826; baseline 0 -42"><span class='ocrx_word' id='word_1_135' title='bbox 137 1753 385 1826; x_wconf 51' lang='lat' dir='ltr'><strong>habgfflugerosa</strong></span> <span class='ocrx_word' id='word_1_136' title='bbox 406 1755 534 1793; x_wconf 74' lang='lat' dir='ltr'><strong>quietis.</strong></span> <span class='ocrx_word' id='word_1_137' title='bbox 550 1753 659 1786; x_wconf 77' lang='lat' dir='ltr'><strong>Casum</strong></span> <span class='ocrx_word' id='word_1_138' title='bbox 671 1754 807 1792; x_wconf 79' lang='lat' dir='ltr'><strong>patrium</strong></span> <span class='ocrx_word' id='word_1_139' title='bbox 819 1754 936 1793; x_wconf 75' lang='lat' dir='ltr'><strong>quietis</strong></span> <span class='ocrx_word' id='word_1_140' title='bbox 950 1763 1003 1792; x_wconf 87' lang='lat' dir='ltr'><strong>pro</strong></span> <span class='ocrx_word' id='word_1_141' title='bbox 1016 1755 1180 1785; x_wconf 78' lang='lat' dir='ltr'><strong>accusandi</strong></span> <span class='ocrx_word' id='word_1_142' title='bbox 1193 1763 1264 1784; x_wconf 84' lang='lat' dir='ltr'><strong>casu</strong></span> 
     </span>
     <span class='ocr_line' id='line_1_31' title="bbox 202 1842 1263 1882; baseline -0.001 -9"><span class='ocrx_word' id='word_1_143' title='bbox 202 1843 247 1881; x_wconf 83' lang='lat'><strong>(3)</strong></span> <span class='ocrx_word' id='word_1_144' title='bbox 271 1843 416 1882; x_wconf 76' lang='lat' dir='ltr'><strong>deyeueri</strong></span> <span class='ocrx_word' id='word_1_145' title='bbox 430 1852 533 1873; x_wconf 83' lang='lat' dir='ltr'><strong>mora.</strong></span> <span class='ocrx_word' id='word_1_146' title='bbox 550 1843 680 1873; x_wconf 82' lang='lat' dir='ltr'><strong>Perinde</strong></span> <span class='ocrx_word' id='word_1_147' title='bbox 695 1844 853 1879; x_wconf 77' lang='lat' dir='ltr'><strong>tamquam</strong></span> <span class='ocrx_word' id='word_1_148' title='bbox 869 1843 1051 1881; x_wconf 78' lang='lat' dir='ltr'><strong>martyrium</strong></span> <span class='ocrx_word' id='word_1_149' title='bbox 1067 1842 1263 1873; x_wconf 74' lang='lat' dir='ltr'><strong>reformidare</strong></span> 
     </span>
    </p>
   </div>
   <div class='ocr_carea' id='block_1_6' title="bbox 93 1884 601 1915">
    <p class='ocr_par' dir='ltr' id='par_1_26' title="bbox 93 1884 601 1915">
     <span class='ocr_line' id='line_1_32' title="bbox 93 1884 601 1915; baseline 0.002 -1"><span class='ocrx_word' id='word_1_150' title='bbox 93 1900 95 1902; x_wconf 97' lang='lat'>-</span> <span class='ocrx_word' id='word_1_151' title='bbox 139 1884 305 1915; x_wconf 79' lang='lat' dir='ltr'><strong>videretur.</strong></span> <span class='ocrx_word' id='word_1_152' title='bbox 328 1885 364 1915; x_wconf 75' lang='lat' dir='ltr'><strong>V.</strong></span> <span class='ocrx_word' id='word_1_153' title='bbox 388 1884 470 1914; x_wconf 84' lang='lat' dir='ltr'><strong>infra</strong></span> <span class='ocrx_word' id='word_1_154' title='bbox 492 1894 521 1914; x_wconf 82' lang='lat' dir='ltr'><strong>v.</strong></span> <span class='ocrx_word' id='word_1_155' title='bbox 551 1885 601 1915; x_wconf 75' lang='lat'><strong>64.</strong></span> 
     </span>
    </p>
   </div>
   <div class='ocr_carea' id='block_1_7' title="bbox 137 1931 1263 2009">
    <p class='ocr_par' dir='ltr' id='par_1_27' title="bbox 137 1931 1263 2009">
     <span class='ocr_line' id='line_1_33' title="bbox 201 1931 1263 1971; baseline -0.001 -9"><span class='ocrx_word' id='word_1_156' title='bbox 201 1931 246 1971; x_wconf 84' lang='lat'><strong>(4)</strong></span> <span class='ocrx_word' id='word_1_157' title='bbox 263 1942 327 1971; x_wconf 81' lang='lat' dir='ltr'><strong>per</strong></span> <span class='ocrx_word' id='word_1_158' title='bbox 348 1932 417 1962; x_wconf 84' lang='lat' dir='ltr'><strong>loca</strong></span> <span class='ocrx_word' id='word_1_159' title='bbox 431 1935 522 1962; x_wconf 77' lang='lat' dir='ltr'><strong>senta</strong></span> <span class='ocrx_word' id='word_1_160' title='bbox 537 1933 616 1966; x_wconf 75' lang='lat' dir='ltr'><strong>situ,</strong></span> <span class='ocrx_word' id='word_1_161' title='bbox 639 1940 693 1969; x_wconf 86' lang='lat' dir='ltr'><strong>per</strong></span> <span class='ocrx_word' id='word_1_162' title='bbox 707 1931 772 1962; x_wconf 83' lang='lat' dir='ltr'><strong>loca</strong></span> <span class='ocrx_word' id='word_1_163' title='bbox 786 1931 938 1969; x_wconf 79' lang='lat' dir='ltr'><strong>squalida,</strong></span> <span class='ocrx_word' id='word_1_164' title='bbox 955 1931 1084 1967; x_wconf 77' lang='lat' dir='ltr'><strong>inculta,</strong></span> <span class='ocrx_word' id='word_1_165' title='bbox 1103 1931 1181 1968; x_wconf 86' lang='lat' dir='ltr'><strong>quod</strong></span> <span class='ocrx_word' id='word_1_166' title='bbox 1196 1931 1263 1961; x_wconf 88' lang='lat' dir='ltr'><strong>Vir-</strong></span> 
     </span>
     <span class='ocr_line' id='line_1_34' title="bbox 137 1972 704 2009; baseline 0.004 -7"><span class='ocrx_word' id='word_1_167' title='bbox 137 1972 288 2009; x_wconf 78' lang='lat' dir='ltr'><strong>gilianum</strong></span> <span class='ocrx_word' id='word_1_168' title='bbox 309 1974 367 2004; x_wconf 85' lang='lat' dir='ltr'><strong>est.</strong></span> <span class='ocrx_word' id='word_1_169' title='bbox 390 1973 427 2004; x_wconf 90' lang='lat' dir='ltr'><strong>V.</strong></span> <span class='ocrx_word' id='word_1_170' title='bbox 450 1975 530 2004; x_wconf 80' lang='lat' dir='ltr'><strong>Aen.</strong></span> <span class='ocrx_word' id='word_1_171' title='bbox 554 1973 606 2009; x_wconf 88' lang='lat' dir='ltr'><strong>VI,</strong></span> <span class='ocrx_word' id='word_1_172' title='bbox 631 1973 704 2004; x_wconf 81' lang='grc'><strong>462.</strong></span> 
     </span>
    </p>
   </div>
   <div class='ocr_carea' id='block_1_8' title="bbox 202 2019 526 2059">
    <p class='ocr_par' dir='ltr' id='par_1_28' title="bbox 202 2019 526 2059">
     <span class='ocr_line' id='line_1_35' title="bbox 202 2019 526 2059; baseline 0 -9"><span class='ocrx_word' id='word_1_173' title='bbox 202 2019 247 2059; x_wconf 88' lang='grc'><strong>(5)</strong></span> <span class='ocrx_word' id='word_1_174' title='bbox 268 2021 357 2056; x_wconf 80' lang='lat' dir='ltr'><strong>chao,</strong></span> <span class='ocrx_word' id='word_1_175' title='bbox 381 2021 526 2051; x_wconf 79' lang='lat' dir='ltr'><strong>tenebris.</strong></span> 
     </span>
    </p>
   </div>
   <div class='ocr_carea' id='block_1_9' title="bbox 137 2060 1338 2147">
    <p class='ocr_par' dir='ltr' id='par_1_29' title="bbox 137 2060 1338 2147">
     <span class='ocr_line' id='line_1_36' title="bbox 201 2060 1338 2108; baseline 0.001 -10"><span class='ocrx_word' id='word_1_176' title='bbox 201 2067 247 2107; x_wconf 87' lang='grc'><strong>(6)</strong></span> <span class='ocrx_word' id='word_1_177' title='bbox 268 2077 370 2107; x_wconf 62' lang='lat' dir='ltr'><strong>regna</strong></span> <span class='ocrx_word' id='word_1_178' title='bbox 385 2068 558 2107; x_wconf 80' lang='lat' dir='ltr'><strong>Canopica.</strong></span> <span class='ocrx_word' id='word_1_179' title='bbox 575 2068 739 2106; x_wconf 79' lang='lat' dir='ltr'><strong>Aegyptia.</strong></span> <span class='ocrx_word' id='word_1_180' title='bbox 752 2069 873 2106; x_wconf 83' lang='lat' dir='ltr'><strong>Virgini</strong></span> <span class='ocrx_word' id='word_1_181' title='bbox 889 2069 1027 2100; x_wconf 82' lang='lat' dir='ltr'><strong>Eulaliae</strong></span> <span class='ocrx_word' id='word_1_182' title='bbox 1040 2068 1194 2108; x_wconf 82' lang='lat' dir='ltr'><strong>Aegyptus</strong></span> <span class='ocrx_word' id='word_1_183' title='bbox 1209 2078 1262 2107; x_wconf 89' lang='lat' dir='ltr'><strong>pro</strong></span> <span class='ocrx_word' id='word_1_184' title='bbox 1283 2077 1287 2081; x_wconf 91' lang='lat'><em>·</em></span> <span class='ocrx_word' id='word_1_185' title='bbox 1304 2100 1307 2102; x_wconf 73' lang='grc'>,</span> <span class='ocrx_word' id='word_1_186' title='bbox 1335 2060 1338 2062; x_wconf 37' lang='grc'><strong><em>’</em></strong></span> 
     </span>
     <span class='ocr_line' id='line_1_37' title="bbox 137 2107 1201 2147; baseline 0.004 -9"><span class='ocrx_word' id='word_1_187' title='bbox 137 2107 221 2139; x_wconf 80' lang='lat' dir='ltr'><strong>orbis</strong></span> <span class='ocrx_word' id='word_1_188' title='bbox 241 2110 394 2140; x_wconf 76' lang='lat' dir='ltr'><strong>terrarum</strong></span> <span class='ocrx_word' id='word_1_189' title='bbox 417 2110 621 2147; x_wconf 77' lang='lat' dir='ltr'><strong>amplitudine</strong></span> <span class='ocrx_word' id='word_1_190' title='bbox 642 2112 722 2142; x_wconf 79' lang='lat' dir='ltr'><strong>erat.</strong></span> <span class='ocrx_word' id='word_1_191' title='bbox 1194 2141 1201 2147; x_wconf 79' lang='grc'><strong>,</strong></span> 
     </span>
    </p>
   </div>
  </div>
 </body>
</html>
