1502 2537
398 23 407 34 ν
439 18 445 29 ’
479 0 562 44 “”ἷ51.
616 0 688 51 Ιι“,’“
761 1 786 16 'r

369 139 478 175 ΠΕΡΙ
505 138 763 174 ΣΤΕΦΑΝΩΝ
793 146 944 175 arms
970 147 993 176 x
1174 137 1247 175 197

288 263 527 301 verbositatis
553 262 629 310 ipse
656 264 844 311 rumpatur
870 262 985 307 locus,

235 316 480 354 Seaturienus
507 316 635 363 perdat
661 318 703 354 ut
728 316 931 364 loquacitas

233 370 414 407 Sermonis
441 381 564 413 auras,
594 369 786 416 perforatis
814 369 959 406 follibus
988 367 1062 410 (1).

233 422 372 467 Quibus
400 422 554 460 sonandi
584 422 686 460 nulla
713 422 771 460 lex
799 422 901 469 ponit
928 422 1095 458 modurn:

235 475 323 522 Ipsa
350 477 386 513 et
413 475 596 523 loquentis
621 476 731 513 verba
757 474 915 522 torqueri
937 474 1029 510 volo.
1052 491 1071 506 »
1104 495 1139 499 —
1174 474 1247 509 555

286 539 420 587 Implet
446 539 604 577 iubentis
631 539 729 577 dicta
755 539 861 576 lictor
889 538 1035 584 impius.

234 592 418 630 charaxat
446 592 504 641 (2)
534 592 662 630 ambas
687 591 839 640 ungulis
866 591 1108 629 scribentibus

234 647 371 691 Genas,
400 646 560 684 cruentis
587 647 623 683 et
650 647 750 683 secat
775 644 905 683 faciem
934 644 1052 681 notis:

235 698 387 736 Hirsuta
414 698 536 736 barbis
564 697 717 736 solvitur
743 698 897 745 carptim
925 697 1034 738 cutis,

233 751 280 788 Et
298 753 458 789 mentum
473 751 635 799 adusque
649 751 774 788 vultus
789 751 907 788 omnis
921 750 1112 788 scinditur.
1173 750 1247 786 560

287 816 426 864 Martyr
454 815 624 853 fluentem
651 814 750 853 fatur
777 815 872 852 inter
899 814 1139 861 sanguinem:

232 889 280 895 —
313 883 335 904 ‹<
364 869 494 906 Grates
520 868 602 913 tibi,
633 879 654 906 0
682 867 881 912 Praefecto,
913 879 1068 915 magnas
1095 867 1219 912 debeo,

230 921 331 967 Quod
350 921 466 959 multa
483 921 649 968 pandens
668 932 730 959 ora
749 921 822 958 iam
842 921 1026 958 Christum
1045 921 1183 968 loquor.

231 975 390 1012 Artabat
415 974 530 1021 ampli
556 973 717 1011 nominis
744 974 976 1021 praeconium

231 1028 374 1064 Meatus
400 1038 512 1073 unus,
542 1027 661 1074 impar
688 1027 735 1064 ad
762 1027 890 1064 laudes
918 1026 999 1064 Dei.
1172 1027 1246 1063 565

283 1091 410 1130 Rimas
436 1092 604 1139 patentes
631 1091 773 1129 invenit
799 1103 868 1129 vox
895 1091 1007 1136 edita,

230 1144 429 1192 Multisque
456 1143 539 1182 fusa
565 1144 717 1182 rictibus
743 1144 864 1182 reddit
889 1155 998 1182 sonos

175 1192 183 1199 ⁸
230 1197 330 1236 Hinc
355 1197 440 1235 inde
467 1197 605 1245 plures,
635 1199 672 1235 et
698 1197 863 1245 profatur
889 1197 1049 1244 undique

230 1250 368 1289 Christi
394 1250 586 1298 Patrisque
615 1251 871 1298 sempiternam
899 1250 1068 1297 gloriam.

228 1303 298 1341 Tot
323 1315 403 1342 ecce
430 1303 586 1341 laudant
612 1315 689 1350 ora,
721 1306 807 1352 quot
835 1306 922 1341 sunt
948 1303 1111 1341 vulnera.
1145 1317 1166 1337 »
1196 1324 1246 1330 —

279 1369 360 1407 Tali
384 1374 571 1417 repressus
597 1369 763 1417 cognitor
791 1368 849 1417 (3)
878 1369 1100 1413 constantia,
1171 1367 1244 1406 571

229 1422 378 1460 Cessare
404 1433 559 1469 poenam
585 1422 776 1471 praecipit3
806 1424 895 1460 tunc
923 1422 975 1459 sic
1003 1422 1078 1459 ait:

228 1496 281 1502 —
309 1489 332 1511 ‹<
361 1475 430 1512 Per
457 1475 546 1513 solis
573 1475 696 1523 ignem
722 1475 814 1521 iuro,
841 1475 902 1522 qui
931 1477 1074 1512 nostros
1103 1475 1179 1512 dies

228 1528 474 1576 Reciprooatis
503 1527 562 1576 (4)
591 1528 828 1566 administrat
854 1528 1013 1573 circulis,

229 1580 340 1619 Cujus
367 1591 516 1619 recursu
542 1581 606 1618 lux
635 1580 694 1630 (5)
724 1583 760 1619 et
787 1592 907 1619 annus
937 1581 1096 1626 ducitur,
1169 1581 1243 1617 575

178 1721 226 1760 (1)
248 1722 429 1760 perforatis
454 1721 597 1758 follibus.
621 1721 722 1752 Genae
738 1744 746 1757 ‚
769 1720 860 1752 nobis
885 1721 1090 1758 loquentibus,
1114 1723 1145 1752 in
1168 1722 1244 1751 solli-

120 1763 255 1794 culorum
276 1771 390 1792 morem
412 1763 569 1794 inflantur.

184 1816 231 1856 (2)
240 1816 421 1858 Charo-vat,
433 1816 611 1862 χαράσσες,
624 1825 766 1854 graecum
785 1817 866 1847 verb.
881 1816 987 1847 latini3
1005 1816 1118 1846 litteris
1133 1817 1247 1847 descri-

140 1864 218 1895 tum.

119 1872 138 1902 p
184 1915 230 1954 (3)
253 1918 408 1956 munitor.
431 1917 536 1948 Iudex.

182 1969 230 2009 (4)
250 1971 455 2008 reciprocatis
476 1970 619 2001 circuli-9.
645 1971 678 2000 In
701 1979 732 2000 se
754 1970 952 2000 redeuntibus
970 1971 1103 2000 motibus
1124 1970 1245 2001 diurnis

119 2012 152 2041 et
173 2012 292 2043 annuis.
315 2011 351 2043 V.
378 2013 466 2042 vum.
491 2013 583 2042 Geor.
607 2012 650 2048 11,
669 2012 741 2044 402.

182 2065 230 2106 (5)
253 2065 325 2102 tux,
348 2065 424 2096 dies.
