1450 2537
234 155 309 193 210
612 165 761 192 AVRELlI
789 163 987 191 Pavnnu'rn

387 285 580 332 Trepidam
607 285 697 322 teter
726 283 889 321 carnifex
915 283 1024 320 rebus
1052 281 1158 320 novis

335 340 531 383 Turbatus,
563 339 598 375 et
626 350 697 384 qua
725 338 847 383 posset
875 338 952 373 arte
981 335 1165 381 insistere,

336 393 489 428 szare
517 393 631 428 terres
660 402 741 427 cum
771 389 910 426 favillis
939 388 1114 434 humidis,

336 446 480 481 l'runas
508 443 680 490 mamplis
709 442 898 479 confovere
928 441 1105 488 stuppeis,

336 498 383 534 Et
412 508 530 533 semen
560 496 660 541 ignis
690 496 783 532 inter
810 495 930 532 undas
958 506 1141 541 quaerere.
1280 495 1354 533 865

388 550 489 593 Quod
517 560 642 596 qmim,
673 548 828 585 tumenti
856 547 1068 584 nuntiatum
1095 547 1222 593 iudici,

335 602 513 639 Movisset
541 602 632 638 iram
661 601 758 638 fellis
787 600 1053 647 implacabilis:

336 676 384 682 —
402 668 424 690 «
446 656 636 701 Quousque
664 655 813 692 tandem
836 665 998 691 summus
1018 653 1077 691 hic
1097 654 1202 691 nobis
1222 666 1355 701 magus

335 708 498 752 Inludet,
529 708 663 754 inquit,
695 707 950 745 Thessalarum
981 707 1139 743 carmine
1171 707 1246 755 (1),

336 763 496 799 Poenam
525 761 662 806 peritus
690 763 825 798 vertere
854 759 893 796 in
920 759 1144 797 ludibrium?
1280 761 1354 797 870

391 815 558 850 Fortasse
586 813 720 860 cervix,
751 813 784 851 si
811 813 1005 850 secandam
1034 813 1171 850 iussero

336 866 449 903 Flecti
477 867 545 903 sub
573 878 709 913 ensem,
742 878 814 903 non
844 866 985 913 patebit
1012 865 1176 903 vulneri:

335 920 401 956 Vel
430 920 661 966 amputatum
688 920 800 967 plaga
827 919 961 956 collum
990 918 1157 956 dividens

336 974 476 1010 Rursus
504 972 614 1009 coibit
641 984 684 1010 ae
711 972 1011 1020 reglutinabitur,

336 1025 578 1072 Humerisque
606 1028 729 1063 vertex
757 1025 931 1063 eminebit
959 1025 1121 1062 additus.
1279 1025 1354 1062 875

387 1079 582 1116 Tentemus
610 1078 723 1126 igitur
751 1080 836 1116 ante
864 1079 1003 1125 partem
1031 1078 1242 1125 quampiam

334 1132 517 1168 Truneare
545 1131 637 1169 ferro
665 1132 824 1178 corporis
852 1131 1075 1178 superstitis,

335 1185 391 1221 Ne
419 1185 533 1221 morte
562 1185 694 1231 simpla
724 1186 779 1232 (2)
809 1184 1028 1222 criminosus
1057 1184 1248 1231 multiplex

335 1238 465 1281 Gadat,
496 1237 552 1274 vel
581 1250 657 1274 una
684 1238 844 1285 perfidus
872 1238 980 1274 caede
1009 1239 1178 1284 oppetat:

334 1292 428 1334 Quot
446 1291 605 1327 membra
624 1293 759 1337 gestat,
781 1292 836 1327 tot
853 1290 970 1327 modis
988 1292 1116 1336 pereat
1134 1290 1228 1327 velo.
1279 1290 1355 1327 880

388 1344 492 1380 Libet
520 1344 685 1390 experiri,
716 1344 835 1381 Lerna
863 1343 958 1380 sicut
983 1343 1142 1380 traditur
1166 1343 1246 1392 (3),

334 1396 464 1433 Utrum
493 1397 632 1434 renatis
659 1396 881 1444 pullulescat
909 1396 1076 1442 artubus,

289 1526 334 1563 (1)
361 1527 544 1556 leessalar.
567 1527 722 1556 camnine.
746 1526 855 1556 HmNs.
872 1534 908 1555 ex
924 1525 1135 1555 Ambrosianis
1156 1525 1353 1555 membranis.

227 1584 265 1589 --
292 1568 521 1597 Thessalormn
545 1568 637 1598 Codd.
662 1568 797 1603 Vaticc.,
819 1568 978 1596 Wm'rzws
995 1567 1118 1603 aliique.
1136 1568 1172 1596 In
1186 1567 1354 1603 'Phessalia,

227 1609 327 1645 ampla
350 1610 567 1639 Macaedoniae
588 1611 721 1645 regione,
754 1609 860 1638 toxica
883 1609 1021 1645 aliaeque
1049 1608 1160 1638 herbae
1187 1610 1357 1638 venenatae

226 1651 462 1687 proveniebant:
488 1651 559 1680 hine
587 1651 723 1680 Thessali
752 1651 789 1679 ob
811 1650 956 1679 veneficia
977 1653 1010 1679 et
1030 1650 1256 1679 incantationes
1277 1649 1356 1679 male

227 1692 400 1720 audierunt.
425 1692 610 1722 Praesertim
632 1701 701 1721 vero
723 1691 912 1721 Thessalides
939 1700 1030 1727 sagae
1062 1691 1188 1720 habitae
1209 1692 1283 1720 sunt
1302 1699 1353 1720 no-

226 1732 302 1761 biles
315 1735 383 1769 post
398 1733 557 1762 Medaeam
570 1734 683 1763 Aeetae
695 1733 869 1763 Cholchidis
884 1733 964 1767 regis
979 1732 1086 1762 filiam.
1104 1732 1250 1762 Carmina.
1262 1731 1354 1762 Thes-

226 1773 322 1802 salica
334 1775 434 1803 autem
448 1776 596 1812 concepta
608 1775 700 1804 verba
711 1776 813 1810 erant,
827 1782 904 1810 quae
916 1775 948 1803 in
959 1774 1049 1803 malis
1061 1774 1126 1803 suis
1139 1773 1258 1803 artibus
1269 1782 1353 1810 prae-

226 1815 363 1843 cinerent
389 1816 522 1845 infamaes
551 1816 622 1845 illae
650 1816 794 1845 feminae.
825 1816 905 1853 Quas
926 1815 1138 1844 stomachatus
1162 1815 1195 1843 in
1219 1815 1356 1844 versibus

225 1856 288 1884 suis
303 1857 445 1891 exagitat
471 1858 643 1887 Vuuvsmvs
661 1857 694 1886 in
705 1858 853 1895 Lyricor.
870 1857 897 1892 I,
914 1857 968 1886 ode
991 1857 1046 1892 27;
1064 1856 1161 1886 ΕΡοΙ).
1186 1856 1223 1892 V,
1239 1856 1272 1886 et
1286 1855 1352 1885 VH.

236 1913 274 1918 -—
293 1899 423 1935 peritus
444 1902 561 1928 vertere
586 1897 835 1944 ξΕὶζλνψιςῳρς.

289 1949 338 1989 (2)
362 1951 501 1988 simpla.
524 1951 657 1989 simplus
678 1953 726 1982 est
748 1952 828 1988 quod
841 1951 931 1989 duplo
947 1951 1003 1981 aut
1019 1950 1159 1988 multiplo
1173 1950 1352 1988 opponitur.

226 1991 287 2020 Nos
309 1991 379 2020 itali
402 1991 528 2022 fecimus
545 1994 694 2031 scempio.

288 2042 332 2077 (3)
355 2042 445 2070 Libet
466 2044 609 2080 experiri
624 2048 682 2072 ete
700 2044 862 2074 GisaLIst
879 2043 926 2072 ita
942 2043 1181 2080 intel-profatur:
1207 2051 1224 2069 ι(
1248 2041 1354 2070 Placet

226 2083 384 2120 experiri„
407 2092 446 2113 an
469 2086 556 2121 parte
590 2084 695 2121 aliqua
727 2086 884 2121 truncata,
919 2084 981 2114 alia
1008 2085 1052 2114 sit
1082 2083 1290 2118 renascitura;
1313 2090 1352 2112 an
