1502 2537
0 2407 50 2537 yffi
5 2386 11 2394 .

358 183 467 218 ΠΕΡΙ
494 183 750 219 §Tm-:spanum
783 191 933 218 anmvs
961 191 983 218 x
1152 181 1230 219 203

215 305 382 352 Impacta
409 305 549 352 quoties
576 315 706 352 corpus
734 305 911 352 attigerat
938 304 1031 342 salix
1061 304 1137 354 (1),

214 357 330 395 Tenui
358 358 538 395 rubebant
564 358 747 406 sanguine
775 359 846 395 uda
875 358 1027 399 vimina.

216 411 327 456 Quem
356 411 467 458 plaga
496 411 600 449 flerat
626 411 779 449 roscidis
806 411 981 448 livoribus
1010 410 1085 459 (2).
1158 410 1231 447 705

270 482 406 519 Ferunt
433 482 593 519 minaces
621 482 887 519 verberantium
916 493 1031 529 genas

216 535 488 580 Inlaerimasse,
516 538 645 582 sponte
673 535 954 573 demanantibus

217 587 342 626 Guttis
368 599 431 635 per
458 599 519 625 ora
548 588 741 626 barbarum
770 588 982 630 frementia;

217 641 361 678 Scribas
388 642 425 678 et
452 641 565 688 ipsos,
595 643 631 678 et
657 653 826 679 coronam
854 641 1028 688 plebium,

217 695 458 742 Proceresque.
484 694 590 732 siccis
619 705 691 732 non
719 695 863 732 stetisse
891 693 1045 730 visibus.
1159 693 1232 730 Tlo

270 766 321 802 At
348 765 427 802 sola
453 767 568 802 mater
596 764 696 802 hisco
723 765 895 802 lamentis
923 767 1037 809 caret,

216 818 290 855 Soli
318 829 443 855 sereno
470 818 571 855 frons
598 818 740 855 renidet
766 818 915 865 gaudio,

215 871 296 908 Stat
323 871 515 918 impiorum
541 871 647 908 corde
675 871 792 917 pietas
820 871 961 915 fortior,

217 926 350 962 Amore
378 923 529 969 Christi,
559 926 755 961 contumax
783 923 990 961 doloribus:

216 977 426 1024 Firmatque
454 988 603 1014 sensum
631 976 752 1014 mollis
779 976 1047 1024 indulgentiae.
1140 976 1232 1013 ,715

267 1047 374 1085 Sitire
401 1059 478 1085 sese
506 1058 641 1094 parvus
669 1047 960 1084 exclamaverat:

215 1100 372 1138 Animae
400 1100 605 1137 aestuant-is
633 1100 741 1137 ardor
769 1100 808 1137 in
835 1100 1059 1138 cruciatibus

216 1154 296 1191 Hoc
322 1153 504 1201 exigebat,
525 1153 698 1202 lymphae
725 1154 767 1190 ut
794 1154 964 1190 haustum
995 1155 1176 1200 posceret:

181 1208 188 1214 '
214 1206 327 1251 Quem
352 1208 458 1244 torva
485 1208 601 1244 mater
630 1206 690 1254 (3)
719 1205 861 1244 eminus
888 1206 992 1243 triste
1021 1206 1180 1244 intuens.

215 1259 331 1298 Vultu
357 1261 395 1297 et
420 1260 556 1297 seve-ris
582 1259 732 1297 vocibus
760 1259 812 1297 sic
840 1259 1025 1306 increpat:
1159 1258 1232 1295 720

171 1413 215 1450 (ll
235 1413 338 1442 sali-2⁴.
362 1413 396 1443 In
418 1412 517 1448 glossa
539 1413 628 1442 unius
646 1413 760 1442 Vatic.:
778 1424 794 1440 «
812 1412 963 1449 flagellum
981 1412 1016 1441 de
1031 1411 1178 1441 salicibus
1202 1421 1230 1444 »ς

107 1457 216 1491 estque
235 1454 357 1492 synecd.
380 1463 434 1492 pro
455 1455 551 1490 virgis
572 1454 610 1483 ad
631 1454 827 1484 caedendum.

173 1513 219 1550 (2)
241 1522 333 1551 quem
361 1513 466 1551 playa
485 1514 590 1549 flerat.
615 1513 674 1543 Hic
705 1513 885 1542 Glsemnvs:
911 1523 928 1539 «
962 1512 1168 1541 Lar-rimantis
1201 1512 1231 1540 in

110 1555 231 1584 modum
251 1553 480 1584 distillaverat:
503 1554 693 1591 lepidissima
705 1556 752 1583 est
767 1553 934 1583 mehercule
956 1553 1129 1582 translatio.
1146 1553 1234 1583 Sum-

110 1604 161 1625 ma
181 1596 263 1625 enim
285 1596 356 1624 cute
383 1595 548 1632 perstricta
574 1595 675 1625 stillat
706 1595 820 1632 potius,
853 1603 944 1630 quam
976 1594 1144 1624 effunditur
1165 1603 1232 1623 con·

111 1637 214 1667 sertim
237 1644 335 1666 cruor.
361 1636 423 1665 Alii
446 1637 530 1674 ferat
551 1636 720 1671 habebant:
745 1636 798 1665 alii
820 1637 949 1673 fecerat,
973 1636 1096 1672 utrique
1124 1637 1233 1665 contra

109 1678 257 1708 carminis
279 1678 369 1714 leges.
396 1688 413 1705 »

171 1737 216 1773 (3)
239 1738 336 1774 Quem
359 1740 448 1766 torva
471 1739 586 1771 masser,
609 1739 669 1767 etc.
694 1737 744 1767 Sic
766 1745 868 1766 omnes
890 1736 991 1771 codd,
1014 1737 1045 1766 et
1061 1736 1152 1766 editt.
1177 1735 1234 1765 At-

110 1781 214 1808 tamen
246 1779 345 1814 magis
377 1778 507 1808 Hsmsro
534 1778 636 1815 placet
672 1778 746 1808 baec
777 1778 892 1814 lectio,
916 1786 1006 1814 quam
1038 1778 1125 1807 nobis
1157 1785 1233 1806 unus

110 1820 238 1858 praebet
257 1819 324 1850 cod.
348 1819 464 1855 Vatic.,
487 1821 594 1855 estque
615 1825 696 1849 certe
718 1820 878 1857 posteriori
900 1827 994 1849 manu
1015 1819 1159 1850 inducta:

276 1889 293 1906 κ
316 1877 409 1916 Quem
430 1879 520 1908 torva
540 1879 639 1907 mater
659 1878 778 1908 eminus
800 1878 890 1908 triste
912 1878 1048 1914 intuens,

275 1919 370 1950 Vultu
391 1921 424 1950 et
444 1920 570 1955 severis,
592 1921 653 1950 etc.
677 1930 695 1947 »

112 2006 150 2014 —
173 1994 275 2026 torva,
295 1990 493 2020 severitatem
517 1990 687 2025 ostentans,
709 1994 742 2019 et
763 1989 864 2019 nescio
887 1989 959 2025 quid
981 1988 1150 2022 minantis:
1181 1988 1233 2018 sed

112 2033 145 2062 iu
166 2033 275 2063 bonam
299 2031 463 2061 identidem
486 2032 605 2068 partem
629 2034 738 2060 torvus
757 2031 901 2065 sumnum
925 2031 957 2060 et
968 2039 1022 2060 nos
1042 2029 1116 2060 Itali
1140 2030 1232 2059 inter-

110 2075 302 2146 gieztaremur
320 2074 409 2111 fiero,
430 2072 599 2103 altezzoso.
613 2081 720 2104 orave.
739 2071 776 2102 V.
791 2072 907 2104 chun.
923 2071 966 2102 1v
981 2071 1101 2103 Consul.
1118 2071 1232 2102 Honor.
