1450 2537
202 176 278 215 196

584 188 731 214 AVRELII
759 186 956 214 PRVDENTII

304 302 388 346 Cur,
411 301 504 348 quod
524 312 669 338 necesse
689 302 758 345 ost,
781 311 854 338 non
874 299 1045 339 voluntas
1065 303 1241 349 occupat?

303 356 447 391 Natura
476 354 534 402 (1)
563 365 626 391 our
655 365 729 390 non
758 354 867 390 vertit
894 353 933 390 in
960 365 1034 391 rem
1064 354 1229 402 gloriae?

303 408 434 453 Legale
463 407 637 443 damnum
670 406 727 454 (2)
758 406 971 452 deputemus
998 408 1183 454 praemiis.
1249 409 1324 447 530

355 471 435 516 Sed,
467 470 707 517 praemiorum
735 469 852 506 forma
880 481 971 517 quae
1000 471 1049 508 sit
1075 471 1231 509 fortibus

302 524 521 560 Videamus:
554 523 618 559 illa
638 534 766 569 nempe
787 534 878 569 quae
899 535 1097 570 numquam
1118 525 1223 572 perit.

302 577 408 614 Caelo
435 576 578 614 refusus
608 576 666 624 (3)
696 576 905 613 subvolabit
931 577 1097 623 spirltus‚

303 630 369 666 Dei
397 630 559 676 parentis
587 628 791 675 perfruetur
818 629 970 675 lumine,

302 684 492 729 Regnante
522 682 666 719 Christo
694 683 798 719 stans
826 682 866 719 in
894 694 974 720 arce
1003 682 1119 730 regia.
1248 684 1323 721 535

355 747 575 794 Quandoque
604 746 759 792 eaelum,
782 758 846 784 oeu
873 746 979 792 liber,
1002 747 1198 793 plicabitur
1227 747 1303 796 (4),

302 800 414 837 Cadet
440 799 551 836 rotati
578 799 666 837 solis
694 799 733 836 in
760 800 896 836 terram
923 799 1070 847 globus,

301 853 498 900 Sphaeram
526 852 634 889 ruina
662 853 923 890 menstrualem
952 852 1010 901 (5)
1040 853 1224 891 destruet:

303 908 400 943 Deus
429 907 611 952 superstes
640 905 753 951 solus,
785 907 821 943 et
848 905 937 943 iusti
965 906 1073 943 simul

303 960 392 997 Cum
420 958 652 1006 sempiternis
678 959 945 1006 permanebunt
972 959 1143 1006 angelis.
1247 960 1323 998 540

356 1025 552 1061 Contemne
578 1034 751 1070 praesens
779 1024 884 1069 utile,
912 1034 931 1061 ο
958 1024 1119 1070 prudens
1147 1024 1269 1069 homo,

252 1111 257 1116 .
301 1077 402 1122 Quod
420 1076 707 1122 terminandum,
725 1077 821 1124 quod
839 1076 1119 1123 relinquendum
1138 1078 1194 1114 est
1212 1077 1294 1115 tibi:

304 1130 439 1168 Omitte
467 1141 610 1177 eorpus,
641 1141 717 1166 rem
745 1129 901 1176 sepulcri
928 1131 964 1166 et
991 1129 1153 1173 funeris3

302 1184 421 1220 Tende
450 1184 497 1220 ad
524 1183 686 1220 futuram
714 1182 883 1230 gloriam,
914 1193 1024 1230 perge
1053 1182 1100 1219 ad
1128 1183 1267 1220 Deum:

300 1238 470 1284 Agnosce
485 1236 546 1284 qui
563 1236 614 1274 sis
629 1250 637 1281 ς
656 1235 760 1273 vince
775 1236 951 1273 mundum
966 1237 1002 1272 et
1016 1235 1216 1273 saeculum.
1234 1248 1256 1269 »
1274 1256 1323 1262 -—-

352 1302 424 1339 Vix
452 1302 537 1339 dum
563 1301 726 1339 elocutus
753 1302 892 1349 martyr
919 1300 1014 1337 hano
1042 1301 1230 1347 peregerat
1249 1301 1324 1337 546

301 1356 524 1400 Orationem,
555 1365 667 1402 quum
694 1353 819 1392 furens
845 1353 1030 1391 interserit

301 1409 560 1456 Asclepiades:
593 1421 615 1443 «
645 1428 696 1434 -—
722 1408 844 1444 vertat
870 1406 983 1453 ictum
1011 1405 1176 1443 carnifex

301 1464 347 1500 In
376 1474 415 1499 os
442 1461 639 1509 loquentis,
669 1461 779 1508 inque
807 1459 978 1496 maxillas
1006 1470 1172 1504 manum,

301 1515 495 1562 Suloosque
524 1515 650 1552 acutos
678 1515 714 1551 et
741 1511 885 1551 fidiclas
916 1513 973 1561 (6)
1001 1511 1217 1550 transferat.
1249 1513 1325 1550 550

257 1639 303 1677 (1)
328 1642 450 1667 natm-a
474 1647 537 1667 non
560 1638 664 1667 vertit.
682 1637 814 1668 Natura,
832 1635 900 1664 soil.
918 1643 1010 1670 mors,
1028 1643 1086 1664 non
1103 1635 1209 1670 vertit,
1226 1635 1320 1666 absol.

195 1684 228 1712 et
247 1681 376 1709 subaudi
398 1690 440 1710 se.
466 1680 501 1709 Y.
526 1679 615 1709 VmG.
641 1679 751 1715 Geor-9.
775 1677 832 1712 m,
857 1677 929 1707 365.

258 1734 302 1770 (2)
325 1733 423 1770 leJJaZe
445 1732 616 1765 (lammam,
639 1739 778 1768 poenam,
795 1731 924 1759 mortem
947 1729 1046 1766 ipsam
1068 1728 1186 1765 legibus
1201 1737 1321 1766 compa-

196 1782 296 1804 ralam
319 1776 399 1803 inler
421 1774 558 1810 praemia,
581 1772 759 1802 habeamuS.

258 1828 301 1864 (3)
325 1827 417 1855 Caelo
438 1826 569 1862 refusus
588 1825 738 1863 spiritus.
765 1823 889 1859 Anima,
913 1831 990 1859 quae
1011 1831 1027 1852 e
1049 1822 1131 1852 caelo
1153 1821 1244 1852 duxit
1264 1822 1323 1851 ori-

195 1869 310 1904 ginem,
333 1877 366 1897 eo
388 1867 577 1901 refundetur,
593 1866 707 1896 redibit

258 1921 303 1958 (4)
330 1920 475 1954 Caelum,
489 1929 544 1947 cen
561 1919 651 1954 liber,
673 1918 864 1957 plicabitur.
882 1917 965 1947 Haec
980 1926 1018 1946 ex
1033 1916 1115 1951 Isala
1135 1916 1323 1953 deprompsit

196 1965 287 2009 poeta
308 1961 382 1999 Cap.
401 1961 544 1995 XXXIV,
572 1961 603 1998 4,
633 1961 684 1990 ubi
710 1960 860 1998 propheta
887 1959 969 1988 orbis
997 1958 1133 1987 universi
1161 1957 1324 1987 adumbrat

196 2012 327 2033 rumam.

258 2055 307 2094 (5)
328 2056 500 2093 sphaeram
523 2055 767 2085 menstrualem.
791 2054 907 2084 Lunam
929 2052 1059 2083 scilicet.

260 2108 310 2149 (6)
331 2108 470 2145 tidie-las.
492 2117 558 2146 syn.
582 2117 636 2146 pro
657 2107 806 2139 fidiculas.
832 2107 868 2138 V.
892 2115 997 2144 supra,
1020 2114 1099 2137 vers,
1123 2104 1196 2138 481.
