1450 2537
221 184 293 223 180
599 195 746 221 Avunnu
775 193 971 220 ravnmwrn

375 309 499 353 Iubes,
530 307 668 345 relictis
698 307 820 344 Patris
848 308 884 344 et
912 306 1047 345 Christi
1074 307 1204 353 sacris,

319 363 369 399 Ut
397 363 515 398 tecum
543 361 689 398 adorem
718 360 873 397 feminas
900 360 1000 397 mille
1030 359 1090 410 (1)
1119 372 1162 398 ac
1190 372 1325 408 mares,

321 416 415 452 Deos
443 415 614 461 deasque,
647 414 760 460 deque
789 424 875 450 sexu
905 413 1042 460 duplici

322 468 454 511 Natos,
486 469 647 514 nepotes,
679 467 876 512 abnepotes
904 466 1040 512 editos,

321 521 370 557 Ut
397 522 451 557 tot
478 522 686 566 stuprorum
716 519 901 556 sordidam
930 519 1154 567 prosapiam.
1267 520 1342 558 180

373 585 528 622 Nubunt
558 584 616 632 (2)
646 584 810 631 puellae3
843 596 948 631 saepe
976 585 1153 622 luduntur
1181 585 1288 631 dolis,

321 638 560 676 Amasionum
589 637 877 684 comprimuntur
904 637 1121 676 fraudibus:

321 692 469 729 Incesta
494 690 651 736 fervent,
681 690 781 728 furta
808 691 1036 729 moechorum
1063 691 1199 737 calent,

322 744 433 781 Fallit
461 744 613 781 maritus
644 743 719 792 (3),
751 744 827 781 odit
854 755 943 781 uxor
969 744 1156 791 pellicem:

322 799 415 834 Deos
444 798 593 834 catenae
622 797 814 844 conligant
842 797 1025 835 adulteros
1055 797 1129 847 (4).
1269 797 1343 835 185

373 862 547 907 Ostende,
578 872 726 909 quaeso,
756 873 846 909 quas
875 862 922 899 ad
950 873 1033 900 aras
1061 862 1239 909 praecipis

320 915 477 952 Vervece
506 926 610 952 caeso
639 914 754 952 fumet
781 916 822 952 ut
850 927 998 962 caespes
1027 915 1086 964 (5)
1107 917 1237 953 meus?

322 968 482 1014 Delphos
510 979 555 1005 ne
583 970 761 1015 pergam?
789 968 858 1005 Sed
885 970 986 1005 vetat
1013 968 1222 1016 palaestrici

323 1022 498 1068 Con-apta
526 1021 655 1068 ephebi
683 1021 782 1058 fama
812 1021 887 1070 (6),
919 1033 1025 1069 quem
1053 1023 1172 1059 vester
1199 1021 1287 1058 deus

319 1074 554 1111 Effeminavit
580 1075 776 1122 gymnadis
803 1074 965 1112 licentia.
1270 1074 1344 1112 190

375 1139 460 1176 Mox
488 1139 589 1176 flevit
616 1139 820 1186 impuratus
846 1139 904 1187 (7)
935 1139 1093 1176 occisum
1121 1139 1228 1186 gravi

324 1192 446 1237 Disco,
478 1193 514 1229 et
541 1192 678 1230 dicavit
705 1192 938 1230 florulentum
965 1192 1178 1230 subcubam.

324 1245 530 1283 Conductus
561 1245 619 1294 (8)
648 1246 744 1282 idem
771 1245 874 1292 pavit
901 1245 1061 1283 alienum
1087 1257 1219 1293 pecus3

281 1367 327 1406 (1)
351 1369 504 1397 Feminas
525 1368 616 1397 mille
647 1369 707 1398 etc.
733 1367 888 1404 Duplicem
922 1368 953 1396 in
985 1368 1045 1397 diis
1077 1377 1183 1398 sexum
1213 1368 1348 1398 irrident

218 1410 372 1447 sapienter
394 1410 632 1446 ARN03.L.111,
655 1414 687 1439 et
708 1410 869 1439 LACTANT.
893 1409 919 1444 I,
943 1418 1010 1445 xw,
1041 1417 1115 1446 quos
1144 1410 1234 1440 iuvat
1248 1409 1345 1440 adire.

281 1457 328 1496 (2)
343 1457 471 1485 nubunt
486 1457 629 1494 puellae,
653 1457 720 1487 scil.
744 1457 926 1493 Proserpina
948 1456 1072 1486 Plutoni
1088 1458 1205 1494 nupsit,
1220 1457 1346 1486 Herculi

219 1499 311 1527 Hebe.
338 1515 375 1519 —
407 1499 575 1527 luduntur
606 1499 690 1527 dolis
698 1509 710 1535 ;
733 1499 765 1526 in
791 1498 931 1527 fraudem
960 1498 1144 1528 inducuntur
1175 1498 1295 1535 Europe
1315 1500 1348 1527 et

220 1540 321 1568 Danae
345 1540 382 1569 ab
416 1541 480 1577 ipso
513 1541 596 1570 Iove.
620 1541 667 1569 De
698 1541 828 1569 incestis
843 1539 977 1568 deorum
1005 1541 1135 1578 nuptiis
1155 1540 1193 1570 V.
1224 1540 1347 1578 praeter

218 1582 335 1610 Misi-c.
359 1581 463 1610 Fene.
487 1582 519 1612 S.
542 1582 761 1616 AvavsvaM‚
785 1581 834 1610 De
857 1581 956 1611 civit.
981 1582 1056 1611 Dei.
1078 1581 1132 1618 IV,
1157 1582 1206 1612 10.

281 1628 328 1667 (3)
350 1630 494 1658 maritus
515 1629 664 1666 Iuppiter.
692 1645 731 1650 -—
754 1638 852 1663 uxor,
875 1628 962 1658 Iuno.

281 1677 325 1713 (4)
348 1676 431 1705 Deos
453 1679 582 1705 catenae
613 1676 792 1714 conlz'qant.
816 1675 945 1704 Vulcani
973 1676 1092 1705 catenis
1119 1676 1153 1705 et
1179 1676 1245 1706 rete
1266 1676 1348 1705 Mass

218 1717 376 1753 venusque
397 1727 429 1746 se
451 1719 633 1748 constrictos
654 1718 814 1747 senserunt
827 1739 834 1751 ‚
859 1717 906 1746 uti
936 1718 1050 1747 cecinit
1078 1717 1174 1748 Ovm..
1193 1718 1227 1747 in
1246 1718 1346 1747 Metu-

220 1759 451 1796 morphosibus.

280 1807 324 1842 15)
347 1816 481 1844 caespes.
507 1807 543 1835 V.
567 1807 680 1844 Hymn.
704 1806 734 1836 S.
759 1805 902 1836 VIncent.
927 1805 964 1840 V,
989 1806 1037 1835 50.

283 1853 332 1891 (6)
351 1854 583 1890 palaestrici...
608 1856 710 1891 fama.
734 1852 884 1882 Fabulam
907 1853 1041 1888 attingit
1062 1851 1233 1890 Hyacinthi
1244 1852 1347 1890 pueri,

219 1902 318 1930 quem.
336 1895 419 1924 disco
435 1895 571 1931 fallente,
589 1895 740 1931 Phaebus,
756 1903 809 1923 seu
824 1893 930 1931 Apollo
945 1895 1011 1923 eius
1027 1895 1161 1924 amasius
1175 1893 1345 1924 interfecit.

281 1943 326 1979 (ἶ)
348 1943 549 1979 impuratus,
574 1942 845 1980 impurus'sactus.
869 1940 935 1969 Vox
955 1942 1150 1971 comicorum.

220 1999 258 2003 —
279 1984 499 2019 florulentum.
524 1985 721 2014 Miseratione
754 1983 879 2012 deorum
902 1982 934 2011 in
963 1983 1066 2012 florem
1087 1983 1138 2012 sui
1158 1982 1348 2019 cognominis

219 2032 379 2053 conversus
400 2024 462 2054 fuit
483 2025 688 2062 Hyacinthus.

281 2072 325 2107 (S)
350 2072 626 2103 couclemtnsidem.
640 2073 724 2102 Idem
741 2070 858 2109 Apollo,
875 2071 968 2108 pacta
982 2071 1130 2109 mercede,
1142 2072 1205 2110 regi
1220 2071 1349 2103 Admeto

219 2113 342 2149 serviit,
365 2114 451 2142 cuius
473 2115 561 2152 pavit
583 2118 767 2145 armentum.
