1450 2537
164 146 212 184 58
543 153 693 183 AVRELII
719 151 917 180 PRVDENTn

375 268 430 306 Sic
460 278 608 315 corpora
635 265 854 304 mortificata

322 322 487 360 Redeunt
515 320 722 358 melioribus
742 319 870 363 aunis3

322 375 398 412 Nec
426 375 508 421 post
536 374 674 411 obitum
702 371 925 409 recalescens
1239 370 1287 408 95

322 428 505 475 Compago
532 426 699 464 fatiscere
726 425 842 462 novit.

375 498 490 542 Haec,
522 508 614 545 quae
642 495 746 533 modo
773 494 913 542 pallida
940 494 1026 531 tabo

322 550 426 588 Color
454 550 598 587 albidus
625 548 744 586 inficit
771 559 856 594 ora,

320 604 422 640 Tunc
450 603 535 640 flore
562 601 750 640 venustior
777 601 876 638 omni

321 656 480 704 Sanguis
507 657 588 694 cute
614 655 760 702 tinguet
787 665 950 692 amoena.
1216 651 1291 702 100

375 726 457 763 Iam
484 725 588 763 nulla
616 725 744 762 deinde
773 726 939 762 senectus

323 779 468 816 Frontis
497 779 605 816 decus
633 777 758 815 invida
785 779 930 824 carpet3

322 832 458 869 Macies
486 843 601 879 neque
630 832 727 869 sicca
754 831 908 868 lacertos

323 886 433 922 Succo
460 885 628 922 tenuabit
655 884 776 921 adeso.

377 955 526 993 Morbus
554 966 693 1002 quoque
721 953 884 1001 pestifer,
913 955 1015 990 artus
1217 951 1291 989 100

324 1008 393 1054 Qui
421 1020 519 1046 nunc
546 1008 741 1055 populatur
768 1007 933 1053 anhelos,
1260 1007 1262 1009 ’

324 1062 396 1098 Sua
423 1063 511 1099 tunc
539 1062 721 1098 tormenta
747 1060 925 1098 resudans
955 1059 1012 1107 (1)

324 1115 417 1152 Luet
443 1114 538 1152 inter
565 1114 713 1152 vincula
740 1113 852 1150 mille.

379 1185 489 1222 Hunc
516 1184 659 1221 eminus
688 1188 768 1221 aere
797 1184 843 1221 ab
871 1183 946 1220 alto

325 1237 465 1275 Victrix
493 1249 590 1283 caro,
621 1237 765 1284 iamque
792 1237 962 1283 perennis
1218 1234 1284 1272 10¹

326 1292 456 1328 Cernet
483 1291 562 1327 sine
590 1290 662 1328 fine
690 1292 907 1338 gementem,

325 1344 422 1389 Quos
450 1344 612 1381 moverat
639 1344 730 1390 ipse,
763 1343 916 1380 dolores.

379 1413 473 1459 Quid
499 1414 608 1451 turba
635 1415 832 1460 superstes,
863 1413 987 1460 inepta

327 1467 511 1514 Claugens
538 1467 744 1504 ululamina
773 1467 924 1503 miscet?

328 1520 398 1557 Cur
426 1522 502 1556 tam
529 1520 620 1557 bene
649 1519 797 1557 condita
817 1519 897 1556 iura
1219 1517 1292 1554 115

327 1573 445 1610 Luctu
475 1573 574 1610 dolor
603 1572 726 1621 arguit
754 1573 909 1610 amens?

379 1643 460 1680 Iam
489 1644 627 1680 moesta
655 1643 797 1691 quiesce
826 1642 993 1690 querela3

327 1697 515 1733 Lacrimas
544 1696 768 1743 suspendite,
800 1698 960 1733 matres:

326 1749 462 1787 Nullus
491 1761 558 1786 sua
586 1749 741 1796 pignora
769 1749 948 1796 plangat3

325 1803 424 1840 Mors
452 1802 542 1840 haec
570 1802 751 1850 reparatio
779 1802 877 1840 vitae
906 1803 974 1839 est.
1220 1800 1295 1838 120

231 1959 275 1997 (1)
298 1969 359 1989 sua
381 1962 537 1989 tormenta
561 1960 730 1989 resudans.
755 1959 843 1989 Hosti
879 1960 968 1996 poeta
995 1958 1132 1988 morbum
1164 1956 1296 1993 confert,

168 2013 232 2048 qui,
256 2021 346 2048 quum
370 2021 477 2050 (eorpus
499 2013 605 2042 multis
627 2013 816 2043 cruciatibus
832 2013 994 2048 affecisset,
1019 2012 1083 2050 ipse
1103 2006 1214 2049 poenas
1231 2016 1296 2040 tan·

167 2065 234 2095 dem
255 2066 448 2096 crudelitatis
468 2075 540 2096 suae
561 2066 640 2097 luat.
