1450 2537
183 151 270 182 XXVI
411 154 457 180 DE
487 146 688 180 PRVDENTIO
716 152 867 185 EIVSQVE
894 146 1068 179 OPERIBVS

182 293 204 320 a
236 292 312 333 quo
343 279 382 320 in
415 279 654 321 stabilienda
684 277 919 331 praesertim
961 278 1099 330 poetae
1137 277 1305 320 lectione

182 363 339 404 perraro
360 350 514 392 recessi.
538 350 769 402 Optandum
792 348 978 402 equidem
999 348 1112 400 foret,
1136 350 1184 389 ut
1204 360 1306 402 quae

181 433 339 474 operoso
371 423 410 462 et
441 421 641 462 moloesto'
661 419 793 460 labore
834 419 1006 472 undique
1039 419 1099 460 vir
1134 418 1305 472 diligen-

181 492 363 533 tissimus
404 493 654 544 congesserat
695 490 743 531 ad
787 489 1057 530 Prudentium
1097 488 1305 531 illustran-

181 563 290 613 dum,
333 576 407 604 non
447 562 621 615 maligne
662 561 941 614 dispensasset,
981 560 1050 601 sed
1091 559 1306 601 ordinatim

180 633 375 686 explicare
418 633 550 673 onmia
590 632 854 681 instituisset,
884 643 927 672 eo
958 631 1052 672 stilo
1093 643 1205 682 usus,
1236 632 1305 685 qui

180 703 243 744 vel
274 703 466 756 implexas
488 709 530 743 et
549 715 708 755 asperas
729 715 790 743 res
819 701 1012 751 emollire,
1035 702 1076 742 et
1106 713 1200 742 cum
1221 701 1304 744 suis

179 774 392 815 lectoribus
429 774 721 815 connnunieare
759 772 963 825 perspicue
994 772 1166 813 callidus
1195 772 1306 827 quis-

179 858 254 898 que
284 845 499 886 consuevit.

239 915 407 956 Veniam
441 928 463 956 a
494 918 534 956 te
565 917 668 968 peto,
701 914 865 955 candide
897 913 1034 963 lector,
1067 913 1102 955 si
1132 915 1172 955 te
1209 913 1302 955 diu-

178 986 260 1027 tius
269 986 423 1027 detinui
435 986 474 1027 in
486 986 724 1027 editionibus
735 985 1008 1039 prudentianis
1018 984 1302 1038 percensendss,

178 1069 278 1110 quae
295 1056 344 1097 ab
362 1058 526 1098 exeunte
544 1057 702 1098 saeculo
718 1068 791 1098 xlv
808 1056 858 1097 ad
878 1056 1066 1097 Ioannem
1083 1056 1203 1109 Bapt.
1222 1055 1303 1096 Bo-

176 1127 350 1175 donium,
369 1127 496 1168 civem
512 1140 661 1178 meum,
680 1127 871 1180 temporis
887 1126 949 1168 sui
965 1126 1003 1167 in
1020 1128 1105 1168 arte
1121 1128 1302 1180 guttem-

178 1198 313 1251 bergia
329 1198 535 1241 Roscium.
548 1201 641 1240 sunt
649 1198 889 1251 publicatae.
903 1197 939 1238 N
943 1210 988 1238 on
1000 1197 1106 1238 enim
1118 1209 1161 1239 eo
1172 1197 1302 1238 animo

175 1268 217 1309 id
227 1268 314 1318 feei,
329 1272 375 1311 ut
384 1270 533 1311 saeculi
544 1269 819 1311 consuetudini
831 1269 1297 1323 obsequerer,parabilem

176 1339 438 1382 eruditionem
470 1340 526 1381 eis
557 1340 850 1389 venffltaturus,
883 1339 951 1394 qui
983 1339 1133 1381 talibus
1154 1340 1300 1382 studiis

175 1422 330 1463 semper
350 1411 562 1464 plaudunt.
584 1411 652 1452 sed
672 1411 735 1452 uti
756 1410 871 1452 facile
891 1410 1137 1464 intelligeres
1158 1411 1300 1465 quanti

175 1493 331 1534 quaque
363 1483 495 1523 aetate
525 1484 658 1523 noster
689 1495 712 1523 a
742 1481 978 1523 cultioribus
999 1481 1224 1536 quibusque
1244 1482 1300 1524 sit

174 1551 349 1593 habitus.
383 1552 522 1606 Neque
554 1553 672 1595 aliter
693 1566 755 1595 res
776 1566 816 1594 se
838 1552 983 1594 habuit
1003 1554 1094 1594 ante
1115 1555 1298 1606 guttem-

174 1621 359 1675 bergium
389 1623 612 1674 inventum,
645 1624 771 1665 amice
802 1625 938 1666 lector.
962 1624 1129 1667 Saeculo
1150 1624 1298 1678 quippe

173 1693 281 1733 sexto
302 1695 341 1734 et
360 1693 581 1747 insequenti
603 1695 866 1737 mundissima
887 1695 972 1736 eius
993 1695 1169 1736 earmina
1189 1695 1298 1736 haud

172 1762 292 1804 aliter
321 1764 361 1805 in
383 1765 526 1806 scholis
547 1766 890 1819 praelegebantur,
913 1778 958 1807 ao
973 1765 1297 1820 elegantissimus

173 1833 339 1887 quisque
371 1835 667 1881 Romanorum:
699 1838 740 1877 et
771 1849 839 1890 per
870 1836 1072 1889 Europam
1115 1836 1297 1890 princeps

172 1902 387 1945 Christiani
403 1906 570 1947 nominis
592 1909 710 1959 poeta
730 1907 944 1949 ferebatur.
968 1907 1134 1949 Saeculo
1156 1909 1295 1949 autem

172 1974 381 2016 undecimo
413 1975 581 2018 Sanetus
613 1978 763 2026 Bruno,
797 1976 979 2019 Coloniae
1009 1978 1199 2031 pontifeX,
1231 1978 1294 2019 vir

171 2044 446 2098 perlitteratus
478 2047 582 2087 inter
613 2047 846 2095 Germanos,
884 2048 1089 2102 exemplar
1128 2061 1294 2103 operum
