1450 2537
205 159 278 196 158
581 168 729 195 Avitum
758 167 953 193 ruviuzx'rn

413 281 586 319 Laudans
615 281 820 318 Avevmvn
849 280 1000 318 resultet
1025 281 1199 329 hymnus,

362 334 487 371 Mixtis
516 335 711 372 Evnomvn
742 333 856 370 modis
885 345 1104 381 coaequans,

361 388 569 425 Reddamus
598 386 746 433 paribus
775 397 880 432 pares
909 397 1113 424 camoenas.
1134 386 1191 434 (1)
1217 413 1220 417 -

414 440 513 477 Hine
541 440 671 477 aurata
699 441 830 476 sonent
858 439 894 476 in
925 451 1006 477 aree
1034 441 1146 485 tecta,

360 493 542 530 Blandum
571 492 690 529 litoris
719 493 816 528 extet
844 492 925 529 inde
955 504 1130 538 murmur,
1251 493 1324 530 155

362 547 408 583 Et
436 557 580 583 carmen
611 545 705 582 freta
734 544 864 582 feriata
892 546 950 594 (2)
980 547 1162 593 pangant.

413 599 510 637 Olim
537 601 680 646 tempus
708 598 792 644 erit,
823 601 949 636 ruente
978 599 1128 644 mundo,

359 653 475 697 Quum
503 653 553 698 te,
585 653 756 696 Tarraco,
787 652 1024 690 Fva'rvosvs
1051 652 1127 690 acri

359 705 479 742 Solvet
507 704 700 752 supplicio,
730 705 860 752 tegens
888 705 935 742 ab
963 705 1042 752 igni
1071 705 1145 754 (3).

411 758 498 795 Fors
525 758 738 806 dignabitur
768 760 804 795 et
831 758 921 796 meis
949 758 1126 796 medelam
1249 758 1324 796 160

359 811 563 848 Tormentis
592 811 691 857 dare,
722 813 957 858 prosperante
987 811 1145 858 Christo,

359 864 492 902 Dulees
521 864 846 912 hendecasyllabos
874 864 1079 902 revolvens.

721 988 799 1025 VII

335 1076 394 1113 IN
423 1076 673 1114 HONOREM
701 1076 905 1122 QVIRINI
934 1077 1191 1115 MARTYRIS

463 1145 622 1172 EPISOOPI
651 1146 844 1173 ECCLESIAE
872 1147 1060 1173 SISCIANAE

200 1234 274 1266 Quae
294 1235 339 1260 hie
361 1235 455 1260 noster
468 1236 588 1261 carmine
599 1236 726 1268 glyconio
748 1235 835 1261 tradit
848 1235 882 1261 de
902 1235 1011 1267 Quirini
1033 1235 1174 1268 martyrio,
1190 1235 1326 1261 Eusebius

235 1270 328 1302 paucis
348 1271 461 1302 exponit
481 1271 507 1296 in
528 1279 576 1297 suo
599 1272 734 1297 Chronico
753 1271 787 1296 ad
818 1271 891 1297 hunc
911 1271 1034 1296 modum:
1058 1281 1073 1293 «ι
1103 1271 1247 1302 Quirinus
1268 1273 1325 1304 epi-

234 1314 332 1337 scopus
351 1306 497 1335 siscianus,
518 1314 566 1339 pro
587 1307 696 1332 Christo
715 1307 833 1339 gloriose
848 1306 1022 1332 interficitur.
1038 1306 1104 1332 Nam
1119 1307 1238 1332 manuali
1255 1307 1324 1332 mola

235 1341 267 1365 ad
288 1341 386 1366 collum
408 1341 502 1374 ligata.
523 1350 537 1368 e
556 1343 639 1374 ponte
658 1342 840 1374 precipitatus
860 1344 888 1367 in
908 1342 1026 1368 fluvium
1056 1341 1210 1367 diutissime
1231 1350 1324 1374 supvr-

234 1377 357 1407 natavit;
379 1377 407 1402 et
426 1385 486 1402 cum
505 1377 695 1409 spectantibus
714 1377 875 1409 collocutus,
897 1384 931 1404 ne
950 1385 999 1404 suo
1008 1378 1179 1404 terrerentur
1189 1378 1325 1410 exemplo,

235 1412 280 1437 vix
301 1420 380 1438 orans
400 1413 430 1438 ut
450 1414 628 1446 mergeretur,
650 1413 780 1439 obtinuit.
802 1424 814 1437 ι

410 1497 604 1545 Insignem
631 1497 752 1535 meriti
780 1498 900 1535 virum

463 1552 670 1597 vamvn,
700 1551 877 1598 placitum
906 1552 997 1598 Deo,

466 1603 574 1642 Urbis
602 1605 746 1641 moenia
773 1604 909 1642 Sisciae

464 1658 683 1695 Concessum
711 1657 781 1695 sibi
808 1659 1005 1706 martyrem

466 1710 662 1758 Complexu
690 1710 809 1758 patrio
838 1710 976 1749 fovent.
1302 1713 1324 1750 5

262 1832 306 1871 (1)
330 1843 507 1864 camoenas.
530 1833 556 1863 A
571 1833 704 1864 canendo
720 1843 874 1871 camoena,
889 1843 941 1864 seu
956 1843 1059 1871 musa:
1071 1835 1105 1866 et
1124 1836 1326 1873 metonymico

202 1883 253 1911 pro
276 1875 474 1905 carminibus.

264 1916 307 1953 (2)
330 1917 414 1953 freta
439 1917 579 1954 feriata:
596 1917 763 1954 tranquilla
778 1918 811 1947 et
824 1917 919 1954 laeta,
935 1918 1094 1954 tamquam
1119 1917 1229 1948 festum
1244 1918 1323 1948 diem

201 1958 336 1992 agentia.

266 1998 310 2036 (3)
335 2002 437 2036 teqens
459 1999 498 2028 ab
520 2000 602 2037 iqui.
625 2000 666 2029 Te
688 2000 720 2029 in
751 2009 890 2037 supremo
912 2001 960 2030 die
987 2000 1093 2030 iudicii
1127 2001 1166 2030 ab
1189 2001 1257 2037 igne
1279 2001 1323 2030 in-

203 2038 330 2067 ferorum
354 2040 527 2077 prohibens,
550 2040 621 2069 dum
653 2042 754 2072 mente
786 2042 916 2073 revolvit
947 2042 1225 2081 hendecasyllabos,
1252 2050 1325 2079 quos

202 2089 278 2110 nunc
302 2081 364 2119 ipse
386 2081 432 2111 illi
452 2082 502 2120 pie
523 2082 626 2113 fundo.
