1502 2537
370 161 475 195 llEl’l
506 161 761 196 E'l'ffllnssxfflffi
795 169 943 195 urmvs
974 169 1013 195 ιιι
1204 157 1277 195 115·

314 281 421 319 'ruris
447 283 483 319 et
509 281 681 330 exiguum
710 281 838 330 digitis

312 335 492 382 Tangere,
525 335 628 383 virgo
656 335 818 382 benigna
846 334 951 378 velis,

314 388 436 425 Poena
464 388 590 435 gravis
619 388 739 435 procul
769 387 930 425 alfuerit.
965 400 986 420 »
1016 408 1067 413 —
1097 386 1154 434 (1)
1207 386 1278 423 127·

366 452 506 500 Martyr
533 453 579 489 ad
609 452 682 490 ista
710 452 827 497 nihil;
859 452 921 489 sed
949 451 1047 488 enim

314 504 498 550 Insremit,
531 505 638 553 inque
666 504 816 553 tyranni
844 504 967 542 oculos

312 559 427 605 Sputa
455 558 568 595 iacit:
600 558 799 595 simulacra
828 557 958 594 dehinc

315 611 493 658 Dissipat,
524 611 801 658 impositamque
831 610 961 647 molam
983 610 1041 657 (2)

312 664 498 702 'l'uribulis
528 664 614 712 pede
643 663 860 711 prosubigit.
886 663 944 711 (3)
1206 662 1280 699 1:⁷30

363 729 441 766 Nec
470 739 592 766 mora:
624 728 815 766 carnifices
842 727 979 775 gemini

309 782 448 819 Iuncea
474 783 621 828 pectora
649 781 865 825 dilacerant,
890 782 948 828 (4)

311 835 360 872 Et
387 834 486 871 latus
514 834 657 882 ungula
685 833 892 881 virgineum

310 886 442 925 Pulsat
468 887 666 934 utrimque,
698 888 733 923 et
761 886 807 923 ad
835 897 919 924 ossa
947 886 1061 931 secat,

310 940 479 977 EVLALIA
507 940 722 977 numerante
750 941 871 977 notas.
898 939 956 988 (5)
1205 938 1278 974 1:35

362 1003 537 1041 Scriberis
566 1015 646 1041 ecce
674 1003 779 1048 mihi,
812 1003 987 1040 Domine:

307 1057 426 1103 Quam
453 1057 557 1094 iuvat
584 1057 650 1094 hos
678 1056 798 1103 apices
826 1056 960 1104 legere,

308 1110 378 1156 Qui
406 1111 484 1155 tua,
517 1109 676 1155 Christe,
706 1111 856 1156 tropaea
884 1110 1043 1146 notant?

307 1163 452 1200 Nomen
480 1163 517 1200 et
544 1162 625 1210 ipsa
653 1173 798 1200 sacrum
825 1162 987 1210 loquitur

307 1216 475 1264 Purpura
502 1215 698 1263 sanguinis
725 1215 852 1253 eliciti.
1203 1213 1277 1252 140

147 1352 226 1381 quae
247 1345 369 1382 poetam
398 1343 567 1374 ostendunt
594 1343 860 1373 delicatissimum.
888 1343 1099 1377 Lacrmrivs,
1125 1343 1171 1373 De
1190 1343 1278 1379 falsa

146 1391 265 1430 Reliq„
277 1391 311 1422 L.
328 1392 355 1428 1,
371 1391 493 1429 palpum
505 1391 601 1421 veluti
617 1390 784 1420 obtrudens
800 1390 886 1420 falsis
902 1390 1100 1427 religionibus
1112 1390 1276 1419 adhaeren-

146 1438 231 1468 tibus
251 1438 400 1476 scriptum
422 1438 566 1474 reliquit:
591 1449 608 1465 α
632 1437 744 1468 Colunt
764 1436 856 1467 thure
878 1446 913 1467 ac
936 1438 1064 1467 summis
1086 1437 1211 1472 digitis!
1238 1447 1255 1462 »

210 1490 254 1529 (1)
277 1490 427 1528 abfuerit.
450 1490 500 1520 Ita.
517 1491 548 1519 in
565 1499 623 1519 uno
648 1489 762 1520 codice.
784 1505 823 1511 —-
846 1489 991 1520 Vni-rzivs
1012 1491 1045 1519 et
1066 1489 1214 1518 Ilemsws
1239 1498 1275 1518 cx

146 1538 327 1575 quibusdam
350 1537 506 1567 codicibus
527 1537 704 1567 describunt
725 1537 861 1574 afuerit.

209 1591 253 1628 (2)
277 1592 463 1629 impositam
485 1590 617 1619 molam.
641 1589 722 1620 Mola
754 1590 1006 1625 instrumentum,
1031 1597 1088 1625 quo
1122 1588 1275 1618 frumenta

146 1638 284 1674 aliaeque
300 1638 400 1674 fruges
415 1638 614 1667 conteruntur
629 1638 660 1667 et
676 1637 707 1666 in
723 1636 855 1666 farinam
874 1636 1066 1672 rediguntur.
1081 1636 1161 1666 Hinc
1177 1637 1274 1674 ipsum

147 1687 194 1714 lar
215 1687 341 1721 tostum,
358 1685 512 1720 molitum,
533 1684 655 1720 saleque
675 1692 815 1722 sparsum
838 1683 929 1721 (unde
944 1683 1025 1713 mola
1039 1683 1146 1721 salsa),
1169 1684 1274 1720 quoin

145 1733 241 1762 saeris
264 1734 434 1767 uterentur,
457 1733 489 1761 et
510 1739 568 1768 quo
590 1731 734 1761 victimas
750 1732 782 1760 et
802 1730 916 1760 cultros
932 1731 1174 1768 perspergerent.
1198 1730 1275 1760 Sunt

147 1780 198 1816 qui
219 1779 316 1809 solum
339 1779 448 1809 molam
471 1779 598 1808 credant
619 1778 678 1807 diis
699 1777 794 1807 fuisse
815 1777 961 1808 oblatam.
986 1777 1023 1807 V.
1039 1777 1131 1808 Snnv.
1155 1777 1193 1806 ad
1209 1777 1274 1808 Ecl.

146 1826 230 1861 vm,
252 1836 281 1857 v.
305 1827 355 1857 82.

209 1879 255 1919 (3)
271 1880 353 1919 pede
367 1879 564 1918 prosubiyit.
587 1877 792 1914 virgilianum
813 1878 872 1907 est.
896 1876 959 1907 cfr.
977 1877 1091 1915 Geory.
1116 1876 1174 1913 111,
1200 1876 1272 1907 256.

209 1931 255 1971 (4)
275 1933 391 1962 iuncea
411 1934 558 1970 pectora:
582 1931 665 1960 iunci
698 1929 815 1960 similia
845 1930 882 1959 ob
914 1929 1135 1966 gracilitatem.
1159 1929 1196 1959 V.
1218 1930 1273 1959 Τε-

145 1987 238 2010 mffl‘r.
259 1979 339 2010 Eun.
361 1979 404 2015 11,
427 1980 458 2014 3,
482 1979 534 2009 23.

209 2032 254 2072 (5)
276 2034 468 2062 numerante
499 2034 604 2061 notas.
639 2030 739 2060 Notae
765 2029 908 2066 signatae
938 2029 976 2058 ab
1006 2029 1126 2066 ungulis
1155 2029 1188 2059 in
1209 2037 1272 2059 cor-

144 2087 231 2118 pore,
251 2079 330 2118 quod
351 2080 510 2116 tamquam
532 2077 681 2116 sanguine
702 2078 783 2108 esset
804 2077 999 2115 inscriptum.
