1450 2537
137 81 187 123 88
519 95 669 124 Avssnm
696 96 895 124 PRVDENTII

347 210 544 256 Argenteis
573 210 721 258 scyphis
751 210 872 248 ferunt

296 262 447 299 Fumare
476 274 619 301 sacrum
648 264 881 310 sanguinem,
1216 266 1265 303 70

295 317 462 363 Auroque
491 316 680 353 nocturnis
709 316 823 354 sacris

295 367 451 405 Adstare
481 369 571 406 fixos
599 380 731 406 cereos.

347 422 439 458 Tum
468 433 609 459 summa
637 434 723 460 cura
751 424 807 459 ost
835 422 1024 470 fratribus,

293 474 343 510 Ut
370 485 485 511 sermo
513 476 669 512 testatur
696 475 845 523 loquax,

295 527 446 573 Offerre,
477 527 601 565 fundis
628 528 802 575 venditis,
1218 531 1266 568 75

295 580 546 618 Sestertiorum
574 581 691 618 millia
721 581 794 629 (1).

348 634 507 671 Addicta
535 645 685 672 avorum
713 635 863 682 praedia

295 686 423 724 Foedis
452 687 520 724 sub
548 687 779 726 auctionibus

293 740 483 778 Successor
511 741 657 778 exheres
686 741 813 789 gemit,

294 793 438 830 Sanctis
469 794 526 842 (2)
557 806 668 842 egens
696 795 924 842 parentibus.
1216 796 1267 834 80

346 847 448 883 Haec
476 847 690 885 occuluntur
718 848 854 886 abditis
1273 856 1276 859 ’

294 899 539 937 Ecclesiarum
567 899 610 938 in
637 901 801 948 angulis,

294 954 342 990 Et
369 964 511 990 summa
537 953 655 1001 pietas
683 954 842 992 creditur

295 1006 443 1043 Nudare
471 1006 594 1044 dulces
620 1007 766 1046 liberos.

346 1059 521 1106 Deprome
547 1060 754 1106 thesauros,
786 1061 894 1099 malis
1216 1062 1264 1098 85

293 1112 484 1150 Suadendo
512 1124 602 1160 quos
629 1114 841 1162 praestigiis

292 1166 544 1213 Exaggeratos
572 1166 728 1212 obtines,

293 1218 475 1265 Nigrante
504 1230 593 1266 quos
621 1219 762 1257 claudis
791 1232 912 1267 specu.

346 1272 426 1309 Hoc
453 1272 571 1319 poscit
597 1284 687 1310 usus
714 1273 897 1320 publicus,

294 1325 373 1362 Hoc
401 1324 527 1372 fiscus,
557 1325 626 1363 hoc
653 1326 848 1373 aerarium,
1215 1326 1266 1364 90

293 1378 344 1415 Ut
371 1377 493 1415 dedita
520 1378 713 1426 stipendiis

292 1431 430 1468 Ducem
456 1430 557 1468 iuvet
583 1431 751 1479 pecunia.

343 1483 402 1521 Sic
431 1484 563 1532 dogma
589 1486 751 1523 vestrum
779 1487 848 1532 est,
880 1486 1012 1524 audio:

292 1536 403 1574 Suum
432 1536 634 1585 quibusque
660 1538 822 1583 reddito;

291 1590 363 1635 En,
397 1590 530 1628 Caesar
557 1591 726 1638 agnoscit
754 1603 859 1629 suum
1215 1593 1264 1631 95

289 1643 485 1681 Numisma
514 1642 573 1692 (3)
602 1644 762 1682 nummis
789 1644 963 1684 inditum.

132 1777 297 1815 Thyesteas
314 1776 519 1813 frequentare,
536 1777 659 1807 silentio
681 1779 878 1808 tenebrarum
894 1780 1059 1816 protectos,
1078 1779 1184 1809 solitos
1201 1788 1266 1809 esse

133 1820 163 1847 iu
187 1819 322 1848 animum
344 1819 402 1848 sibi
426 1819 602 1854 induxerat,
622 1820 673 1848 ubi
696 1822 728 1849 et
751 1829 907 1850 caesorum
931 1821 1098 1850 infantium
1120 1821 1266 1851 carnibus

133 1863 164 1888 ot
186 1860 334 1896 sanguine
353 1862 578 1889 saturarentur.

195 1902 239 1938 (1)
263 1901 383 1931 millia.
401 1901 551 1931 Numerus
566 1901 720 1938 definitus,
750 1911 803 1940 pro
829 1903 966 1932 maxima
988 1903 1018 1931 vi
1039 1903 1264 1934 sestertiorum.

196 1943 240 1979 (2)
275 1944 409 1972 sanctz's.
445 1941 637 1987 Εἷρονικῶς.
665 1944 708 1973 De
725 1953 797 1974 voce
807 1945 1039 1982 praestiqirmz.
1058 1944 1094 1975 V.
1115 1943 1263 1990 Καθήμ.

134 1989 184 2022 VI,
213 1989 282 2018 140.

194 2030 238 2068 (3)
263 2031 440 2061 numisma.
465 2031 526 2060 Alii
551 2032 726 2069 nomisma,
750 2031 829 2070 quod
850 2040 994 2070 graecum
1017 2033 1077 2064 est.
