1502 2537
331 165 440 200 nssl‘l
468 164 724 200 ΣἸῈΦΑΝΩΝ
755 171 906 199 nnmvs
932 171 956 199 v
1162 159 1237 198 133

434 286 580 323 Norunt
606 287 642 322 ot
671 285 740 332 ipsi
769 296 810 322 ac
839 284 1003 322 sentiunt
1189 285 1238 322 85

384 339 522 375 Ponere
551 338 735 376 Christum
764 341 800 375 et
829 338 960 383 vivero,

381 392 539 438 Eiusque
570 391 786 438 iamiamque
815 391 936 428 adfore

382 445 551 488 Regnum
579 445 803 482 tremendum
834 443 993 491 perfidis.

435 498 607 534 Clamant
636 498 791 534 fatentes
819 497 972 544 donique

382 550 483 587 Pulsi
513 562 530 587 e
559 550 709 588 latebris
736 551 930 595 viscerum,
1188 550 1237 586 90

383 603 524 640 Virtute
553 603 689 641 Christi
716 605 753 640 et
779 603 950 640 nomine:

382 656 536 703 Diviquc
564 658 600 693 et
627 656 721 693 idem
750 656 956 693 daemones.
990 669 1010 688 ›>
1042 677 1093 682 —

433 709 504 746 His
531 709 758 746 intonantem
785 711 981 756 martyrem

381 762 493 799 Index
522 762 697 808 profanus
726 773 798 800 non
827 762 927 801 tulit.

381 815 617 852 Conclamat:
652 836 699 843 —
729 829 751 851 «
782 815 832 854 Os
861 815 1057 860 obtrudite,
1187 814 1236 851 95

380 869 437 906 Ne
465 867 570 915 plura
598 867 708 905 iactet
736 869 933 915 improbus.

434 921 565 958 Vocem
594 921 777 968 loquentis
805 921 979 968 claudite,

380 974 600 1021 Raptimque
628 974 779 1012 lictores
807 975 903 1020 date,

378 1027 470 1065 Illos
497 1038 639 1065 reorum
668 1027 840 1065 carnibus

379 1081 526 1126 Pastos,
557 1091 738 1128 manuque
767 1080 955 1118 exercitos.
1162 1080 1238 1118 100

433 1134 514 1171 Iam
542 1132 640 1180 faxo,
670 1134 727 1171 ius
754 1133 973 1181 praetorium

380 1186 609 1224 conviciator
637 1187 785 1234 sentiat,

378 1240 435 1277 Ne
464 1239 626 1287 impune,
657 1252 702 1278 ne
730 1240 866 1278 nostris
894 1239 965 1278 sibi

379 1293 446 1330 Dis
473 1293 701 1331 destruendis
729 1293 870 1332 luserit.

431 1346 512 1383 Tibi
540 1357 626 1395 ergo
654 1346 738 1393 soli,
768 1348 979 1391 contumax,
1164 1345 1237 1384 100

378 1399 533 1446 Tarpeia
561 1399 748 1438 calcentur
777 1402 910 1438 sacra?
939 1399 998 1449 (1)

382 1453 436 1490 Tu
464 1463 569 1500 porro
598 1453 697 1491 solus
725 1453 868 1492 obteras

378 1506 545 1551 Romam,
576 1506 766 1553 Senatum,
797 1507 1019 1545 Caesarem?

431 1559 620 1606 Vinctum,
651 1559 796 1597 retortis
823 1559 999 1605 brachiis,

379 1612 529 1650 Sursum
556 1623 599 1650 ac
627 1612 793 1651 deorsum
820 1612 1017 1659 extendite,
1048 1612 1106 1660 (2)
1165 1610 1239 1649 110

382 1666 566 1713 compago
587 1665 707 1714 *donec
734 1677 882 1704 ossuum

379 1718 535 1756 Divulsa
562 1719 792 1757 membratim
819 1720 953 1767 crepet.

178 1805 224 1844 (1)
251 1806 391 1845 Tarpeia
411 1815 518 1836 sacra.
542 1805 600 1835 Per
620 1805 741 1844 syuecd.
765 1806 885 1844 tarpeia
908 1814 996 1835 sacra
1028 1814 1080 1842 pro
1103 1805 1241 1834 omnibus

115 1847 278 1878 Romanor.
295 1848 406 1881 sacris:
425 1855 553 1883 namque
569 1848 727 1878 LAcTAN'r.
745 1847 928 1885 Capitolium
945 1847 1111 1884 appellavit
1128 1857 1144 1874 «
1160 1855 1240 1875 sum-

115 1897 198 1919 mum
219 1891 312 1926 caput
333 1889 513 1925 religionum
535 1888 778 1926 publicarum.»
800 1889 848 1918 De
869 1889 970 1918 Falsa
993 1889 1086 1926 Reliy
1065 1898 1098 1926 9.
1123 1898 1150 1917 c.
1172 1888 1198 1918 I.

179 1930 224 1968 (2)
246 1939 380 1960 sursum
402 1939 440 1959 ac
460 1930 608 1960 deorsum
630 1930 799 1959 extendite.
816 1930 851 1959 In
874 1929 1011 1966 equuleo,
1028 1930 1078 1977 qui
1105 1928 1166 1958 suit
1190 1937 1240 1965 ge-

115 1979 171 2000 nus
192 1972 351 2007 tormenti,
373 1981 404 2001 ει·
408 1971 494 2001 ilicet
514 1971 616 2008 lignea
630 1971 796 2001 machina*
788 1980 820 2000 in
835 1970 962 2000 formam
979 1971 1048 2007 equi
1063 1971 1238 2007 compacta:

115 2013 202 2042 nobis
224 2023 241 2040 «
264 2023 311 2042 un
332 2013 498 2042 cavalleuo
521 2023 551 2049 »‚
568 2013 599 2042 in
616 2020 676 2049 qua
690 2012 819 2042 distensi
836 2013 1050 2049 torquerentur
1072 2012 1107 2048 ii,
1123 2012 1159 2042 de
1175 2011 1243 2047 qui-

116 2054 171 2083 bus
193 2053 322 2084 alicuius
337 2054 477 2084 criminis
493 2054 630 2091 quaestio
653 2054 826 2084 haberetur.
850 2053 886 2083 V.
911 2054 1031 2083 Biston.
1057 2053 1087 2082 in
1111 2053 1239 2090 Martyr.

117 2095 153 2125 cd
177 2103 208 2124 xi
232 2095 289 2126 cal.
313 2095 420 2131 Febr.;
446 2097 478 2126 ct
499 2097 636 2126 GALLON.
660 2096 707 2125 De
729 2096 872 2134 Martyr.
897 2096 1041 2127 eruciat.
1065 2103 1092 2126 c.
1114 2093 1166 2125 IV.
