1502 2537
334 167 449 204 ΠΕΡΙ
477 167 733 206 ΣἸῈΦΑΝΩΝ
764 178 916 206 uruxvs
943 178 1006 206 xrv
1154 168 1227 207 251

212 289 411 337 Praecepta
437 290 569 328 summi
596 291 697 337 regia
727 290 921 338 Principis.
954 304 975 325 »
1004 312 1056 318 —

213 341 265 380 Ut
291 343 384 381 vidit
411 345 537 381 Auses
564 346 660 382 sture
687 347 823 382 trucem
853 344 970 381 virum

213 395 386 440 Macrone
414 397 526 443 nudo,
556 397 685 436 laetior
713 398 802 435 haee
830 398 905 434 ait:

213 468 262 476 —
293 463 316 484 «
343 450 511 496 Exsulto,
542 450 629 488 talis
657 451 752 498 quod
780 450 901 498 potius
930 450 1030 487 venit

213 501 396 548 Vesanus,
426 506 543 549 atrox,
574 504 756 550 turbidus,
786 503 958 550 armiger,
1184 503 1231 541 70

212 555 328 600 Quam
356 555 388 593 si
417 556 555 594 veniret
581 557 782 604 languidus
810 568 852 594 ac
879 559 994 602 tener,

212 608 405 656 Mollisque
432 609 607 656 ephebus,
637 610 776 648 tinctus
803 611 978 654 aromate,

212 661 281 707 Qui
309 673 365 699 me
392 663 539 709 pudoris
567 663 690 700 funere
719 663 778 711 (1)
808 663 983 710 perderet.

213 710 285 753 Hie
313 715 372 752 hic
400 717 541 753 amator
570 716 656 762 iam,
688 716 817 761 fateor,
847 716 990 763 placet3

214 767 281 806 Ibo
309 768 488 806 inruentis
516 769 703 817 gressibus
731 769 889 815 obviam,
1184 770 1230 806 70

211 821 290 859 Nec
317 821 527 859 demorabor
554 824 639 860 vota
667 821 850 860 calentia:

212 873 362 912 Ferrum
391 875 430 912 in
459 874 617 923 papillas
645 886 751 913 omne
778 887 956 923 recepero,

213 927 417 976 Pectusque
445 928 493 965 ad
520 928 633 966 imum
663 928 736 965 vim
765 927 882 975 gladii
909 929 1070 965 traham.

211 980 284 1027 Sic,
314 983 430 1028 nupta
458 981 617 1026 Christo,
647 981 856 1022 transiliam
885 981 959 1029 poli

212 1033 348 1072 Omnes
374 1034 558 1080 tenebras,
589 1034 732 1072 aethere
759 1034 902 1073 celsior.
1182 1035 1230 1071 80

210 1087 367 1125 Aeterne
395 1087 540 1134 Rector,
570 1088 690 1125 divide
716 1088 849 1125 ianuas

212 1139 326 1186 Caeli,
357 1141 544 1178 obseratas
571 1140 766 1188 terrigenis
794 1141 910 1188 prius,

210 1194 267 1231 Ac
294 1195 330 1240 te
358 1196 583 1241 sequentem,
615 1194 774 1239 Christe,
805 1194 967 1231 animam
996 1206 1098 1237 voca,

211 1247 302 1284 Cum
329 1246 562 1295 virginalem,
593 1248 670 1285 tum
700 1247 823 1285 Patris
851 1247 1022 1285 hostiam.
1057 1261 1077 1281 »
1107 1268 1160 1273 --

210 1299 269 1338 Sic
296 1299 387 1346 fata,
419 1300 604 1338 Christum
631 1300 764 1338 vertice
791 1312 924 1338 cernuo
1181 1301 1229 1338 80

211 1353 368 1401 Supplex
394 1353 537 1399 adorat,
568 1353 702 1391 vulnus
730 1354 772 1391 ut
798 1354 993 1391 imminens

212 1406 341 1444 Cervix
369 1406 507 1444 subiret
534 1418 649 1454 prona
676 1407 856 1454 paratius.

211 1460 283 1497 Ast
309 1459 371 1497 ille
397 1461 541 1497 tantam
569 1471 669 1507 spem
697 1460 841 1507 peragit
868 1471 1006 1505 manu3

211 1512 294 1550 Uno
321 1513 391 1550 sub
418 1513 492 1550 ictu
520 1524 606 1550 nam
635 1514 745 1560 caput
772 1515 961 1560 amputat:

211 1566 362 1603 Sensum
393 1565 526 1604 doloris
554 1577 650 1604 mors
677 1566 751 1604 cita
778 1566 979 1614 praevenit.
1180 1567 1230 1604 90

211 1619 353 1656 Exutus
381 1618 465 1656 inde
493 1618 645 1666 spiritus
672 1619 817 1664 emicat,

211 1671 388 1719 Liberque
416 1672 455 1709 in
483 1683 592 1709 auras
619 1672 755 1710 exsilit.
786 1672 923 1719 Angeli

210 1726 357 1772 Sepsere
383 1727 528 1762 euntem
556 1725 701 1763 tramite
728 1725 897 1763 candido.

210 1778 368 1816 Miratur
396 1778 453 1826 (2)
483 1779 602 1816 orbem
632 1779 700 1816 sub
727 1779 877 1826 pedibus
906 1779 1041 1817 sitnm:

168 1926 214 1965 (l)
230 1926 370 1965 pudoris
391 1926 514 1963 funere.
538 1926 663 1955 Iactura
685 1925 866 1963 pudicitiae.
891 1925 926 1956 V.
951 1926 1062 1957 Lucan.
1087 1926 1139 1961 lv,
1157 1927 1228 1957 2:31.

165 1981 210 2018 (2)
231 1981 376 2009 miratur
387 1980 488 2008 orbem
501 1981 561 2010 ete.
573 1979 658 2017 Apud
672 1979 791 2009 Vincit..
806 1980 835 2008 in
854 1980 965 2010 Bru-nl.
983 1980 1015 2012 V,
1029 1981 1078 2009 56.
1095 1979 1231 2009 Menalca

105 2022 207 2060 Mopso
228 2022 292 2052 ait:
318 2033 335 2050 α
357 2021 512 2051 Candidus
546 2022 696 2051 insuetum
735 2021 866 2049 miratur
887 2021 979 2050 limen
1009 2021 1145 2063 Olympi:
1170 2021 1232 2052 sub

52 2088 54 2090 ,
103 2063 289 2102 pedibusque
313 2064 396 2094 videt
414 2064 507 2093 nubes
529 2066 561 2093 et
581 2063 682 2092 sidera
705 2062 841 2102 Daphnis
878 2072 895 2090 κ

0 2501 58 2537 51⁴
69 2485 90 2528 ..ὁ
101 2511 153 2537 1⁹1!
169 2521 192 2537 ,κ’
212 2512 215 2514 ’
