1450 2537
221 154 270 191 52
601 165 748 191 Arnum
777 164 974 191 PRVDENTII

272 278 326 314 Tu
354 277 470 322 cibus,
490 276 668 324 panisque
688 277 822 322 noster,
844 277 885 313 tu
913 276 1081 323 perennis
1101 277 1288 317 suavitas:

219 330 348 368 Nescit
374 331 508 367 esurire
536 330 574 366 in
603 341 745 372 aevum,
778 330 839 376 qui
867 332 968 366 tuam
997 330 1109 368 sumit
1137 331 1287 378 dapem;

219 384 296 420 Nec
324 383 493 420 lacunam
523 382 661 419 ventris
690 382 828 429 implet,
861 382 921 419 sed
951 382 1048 420 fovet
1075 383 1216 421 vitalia.

272 442 425 479 Clausus
453 441 593 478 aurium
623 443 777 485 meatus,
809 443 844 477 et
872 452 1041 478 sonorum
1069 443 1227 487 nescius,

218 495 359 541 Purgat
369 495 415 531 ad
425 495 615 542 praecepta
627 494 761 531 Christi
772 506 896 530 crassa
904 505 1065 541 quaeque
1077 495 1263 533 obstacula
1271 526 1279 542 ,
1291 497 1340 534 65

218 548 375 584 Vocibus
404 559 516 593 capax
546 546 723 591 fruendis,
755 558 797 583 ac
825 546 984 584 susurris
1012 546 1170 593 pervius.

270 605 397 643 Omnis
425 605 614 651 aegritudo
642 604 751 649 cedit,
781 604 938 651 languor
965 605 1082 642 omnis
1110 605 1277 652 pellitur,

216 658 361 703 Lingua
390 658 500 703 fatur,
532 669 640 704 quam
669 659 817 694 veterna
844 657 1037 695 vinxerant
1065 657 1233 704 silentia;

216 712 344 748 Gestat
372 713 407 747 et
435 722 539 748 suum
568 721 630 757 per
658 711 783 747 urbem
809 710 928 747 laetus
956 722 1063 757 aeger
1090 711 1276 749 lectulum.

270 770 363 814 Quin
379 771 414 806 et
428 769 561 816 ipsum,
580 781 624 806 ne
639 768 770 806 salutis
784 768 891 805 inferi
905 772 1066 817 expertes
1080 768 1212 816 forent,
1291 772 1338 809 70

215 823 405 860 Tartarum
433 822 614 869 benignus
642 822 778 859 intrat:
811 821 928 859 fracta
956 822 1052 859 cedit
1078 822 1204 869 ianua,

215 875 386 913 Vectibus
415 875 513 912 cadit
540 875 694 912 revulsis
722 874 829 912 cardo
860 875 1083 913 dissolubilis
1113 876 1185 923 (1).

267 935 339 971 Illa
367 936 532 981 prompta
560 935 606 972 ad
633 935 833 981 inruentes,
864 935 911 971 ad
938 936 1158 973 revertentes
1186 937 1309 982 tenax,

214 988 323 1025 Obice
352 989 552 1025 extrorsum
579 987 723 1035 repulso
750 987 822 1035 (2),
853 989 958 1034 porta
986 988 1104 1025 reddit
1131 990 1307 1034 mortuos,

215 1042 308 1087 Lege
324 1053 442 1086 versa,
474 1042 509 1078 et
522 1041 633 1078 limen
649 1042 768 1078 atrum
785 1040 859 1077 iam
873 1041 1128 1078 recalcandum
1142 1043 1256 1088 patet.
1290 1042 1337 1080 75

265 1099 333 1136 Sed
361 1100 458 1137 Deus
487 1100 573 1137 dum
599 1099 678 1137 luce
705 1099 808 1136 fulva
826 1100 953 1137 mortis
980 1101 1088 1137 antra
1123 1099 1336 1147 inluminat,

216 1151 308 1188 Dum
338 1153 568 1199 stupentibus
595 1152 754 1189 tenebris
783 1152 978 1190 candidum
1005 1154 1168 1200 praestat
1195 1153 1309 1200 diem,

213 1204 346 1242 Tristia
375 1205 576 1252 squalentis
604 1205 750 1243 aethrae
777 1205 988 1252 palluerunt
1016 1205 1148 1243 sidera.

264 1264 322 1301 Sol
350 1264 499 1311 refugit,
531 1265 566 1301 et
592 1264 739 1312 lugubri
768 1264 935 1302 sordidus
962 1264 1146 1312 ferrugine

214 1317 366 1363 [gneum
395 1317 542 1364 reliquit
569 1329 686 1363 axem,
719 1329 826 1364 seque
855 1328 1017 1355 moerens
1046 1317 1207 1355 abdidit:
1284 1318 1333 1355 80

215 1370 339 1407 Fertur
367 1370 549 1407 horruisse
576 1370 734 1407 mundus
762 1370 880 1408 noctis
908 1372 1074 1407 aeternae
1102 1370 1226 1408 chaos.

263 1428 365 1466 Solve
381 1439 502 1466 vocem
521 1441 623 1466 mens
639 1440 822 1475 sonoram,
840 1429 937 1466 solve
956 1429 1123 1476 linguam
1138 1429 1307 1467 mobilem
1321 1443 1330 1475 3

213 1481 278 1518 Dic
306 1482 492 1528 tropaeum
520 1481 717 1529 passionis,
749 1481 806 1519 dic
833 1482 1091 1529 triumphalem
1120 1483 1293 1520 Crucem:

212 1535 337 1581 Pange
366 1534 552 1581 vexillum,
583 1535 721 1572 notatis
749 1535 845 1582 quod
871 1535 1029 1582 refulget
1055 1535 1249 1572 frontibus.

265 1594 294 1631 O
306 1604 454 1638 novum,
468 1594 595 1631 caedes
605 1593 800 1640 stupenda,
812 1593 973 1631 vulneris
983 1593 1198 1631 miraculum
1209 1595 1216 1630 !
1285 1594 1334 1631 85

214 1645 307 1683 Hinc
336 1647 471 1684 cruoris
500 1646 605 1684 fluxit
631 1647 745 1692 unda,
766 1646 916 1694 lympha
934 1648 1036 1693 parte
1055 1658 1098 1684 ex
1115 1646 1230 1684 altera
1249 1645 1308 1694 (3)
1325 1661 1333 1692 ;

213 1700 376 1747 Lympha
411 1711 538 1747 nempe
573 1700 636 1736 dat
663 1699 864 1746 lavacrum,
894 1701 972 1737 tum
1008 1711 1139 1802 eoron[a
1171 1711 1215 1759 ex
1248 1711 1333 1789 sarz—

1123 1763 1233 1800 gume
1261 1763 1300 1790 es
1322 1782 1330 1789 .

273 1880 316 1918 (1)
350 1881 561 1910 dissolubilis.
596 1881 738 1910 Nonnulli
771 1881 856 1911 codd.
896 1881 975 1918 apud
1018 1881 1127 1910 fimus.
1159 1880 1334 1910 indis-solu·

212 1927 292 1961 bilis,
317 1936 393 1963 quae
414 1928 504 1957 lectio
526 1927 715 1966 intellectum
738 1928 828 1958 facit.

271 1981 313 2018 (2)
338 1981 476 2018 repulso.
501 1981 574 2011 Coo.
607 1981 735 2011 Puteun.
770 1984 802 2011 et
834 1981 944 2010 Hmns.
970 1997 1007 2002 ——
1041 1980 1178 2019 Quinque
1211 1980 1332 2011 Vatiae.

211 2028 340 2062 recluso,
364 2028 440 2063 quod
462 2028 562 2065 placet
583 2028 734 2058 szm.

271 2080 314 2118 (3)
333 2084 430 2118 parte
451 2091 490 2110 cx
512 2081 629 2110 altera.
653 2081 689 2111 V.
714 2079 797 2125 llep':
823 2079 920 2126 Στεφ.
944 2080 1028 2116 VIII,
1052 2080 1082 2110 5.
