1502 2537
315 167 425 203 ΠΕΡΙ
454 168 712 204 ΣΤΕΦΑΝΩΝ
742 178 891 207 nnmvs
921 181 940 208 x
1111 170 1185 208 173

223 290 392 330 Galerius
417 292 519 331 urbis
545 291 636 331 forte
663 293 848 332 Romanae
875 295 1011 332 suatum

172 344 310 384 Ductor
335 346 486 394 regebat
513 346 588 396 (1),
617 347 660 384 ut
685 346 795 384 refert
821 347 1036 395 antiquitus,

171 398 346 445 Immitis,
376 400 493 445 atrox,
524 411 645 447 asper,
675 400 942 448 implacabilis:

171 451 302 490 Edicta
327 451 401 490 late
428 453 603 490 mundum
631 453 670 490 in
698 464 837 491 omnem
868 454 1029 498 miserat,

170 504 355 543 Christum
382 508 548 554 negaret,
579 506 730 554 quisque
759 506 884 544 mallet
912 507 1044 544 vivere.
1138 508 1187 544 35

224 575 327 613 Haec
354 575 415 614 ille
442 574 593 624 serpens
622 576 681 626 (2)
711 587 769 615 ore
797 576 894 614 dicta
922 577 1037 625 regie,

171 628 242 674 Qui
267 631 488 667 mertuorum
517 630 560 667 (le
588 629 763 677 sepulcris
790 629 914 668 exiens
1061 669 1064 673 ,

173 681 334 719 Clamat:
366 682 454 730 quid
481 684 566 720 ante
593 684 737 730 tempus
765 683 922 720 adventu
951 683 1022 720 cite

171 735 253 772 Mea
281 746 397 783 regna
423 735 563 773 solvis?
590 747 711 783 parce,
741 735 812 773 Fili
843 736 1040 782 Altissimi,

173 786 240 825 Vel
266 788 448 835 possidere
476 789 584 826 corda
611 800 797 836 percorum
826 788 921 826 iube.
1139 790 1188 826 40

223 858 434 897 Praefectus
461 859 543 897 istis
570 859 765 897 imminens
793 860 951 907 negotiis

171 911 423 960 Asclepiades,
453 912 504 949 ire
532 912 685 950 mandat
711 912 846 950 milites

171 964 418 1004 Ecclesiasten
447 964 507 1013 (3)
535 977 649 1013 usque
677 965 720 1002 de
747 965 918 1002 sacrariis

170 1018 330 1066 Raptare
356 1018 511 1065 plebem,
542 1018 823 1065 mancipandam
851 1018 1008 1056 vinculis

171 1068 223 1108 Ni
251 1070 484 1118 disciplinam
511 1071 741 1109 Nazarenam
771 1071 830 1119 (4)
858 1075 1020 1118 respuat.
1138 1072 1186 1108 45

223 1141 310 1179 Mox
335 1141 414 1189 ipse
439 1142 615 1189 templum
645 1141 704 1190 (5)
733 1141 900 1189 cogitans
928 1142 1146 1189 inrumpere,

146 1194 220 1243 ,Εὖ
245 1194 422 1242 dissipare
450 1197 581 1232 sancta
609 1197 818 1233 sanctorum
845 1195 1010 1242 studens,

169 1247 298 1285 Armis
319 1247 495 1295 profanus
522 1249 763 1295 praeparabat
790 1248 911 1295 impiis

169 1299 312 1338 Altaris
337 1311 439 1338 aram
466 1300 633 1339 funditus
660 1313 805 1348 pessum
835 1302 934 1346 dare,

169 1353 349 1402 Foresque
375 1355 412 1392 et
438 1354 538 1401 ipsas
566 1354 605 1392 in
631 1355 777 1392 ruinam
804 1354 954 1392 solvere.
1138 1356 1186 1392 50

126 1487 173 1526 (1)
192 1489 316 1518 etatum
319 1511 382 1520 .....
405 1488 540 1526 reqehat.
563 1489 714 1524 Galerius,
738 1489 869 1519 nondum
901 1489 1031 1526 Augusti
1065 1491 1186 1520 nomine

63 1529 255 1561 honestatus.

125 1577 171 1615 (2)
192 1577 250 1607 ille
267 1586 449 1616 serpena...
472 1577 605 1607 Daemon
628 1577 663 1607 de
685 1577 830 1615 sepulcris
855 1578 969 1609 exiens.
993 1578 1030 1609 V.
1054 1579 1183 1610 Mum.

64 1618 151 1655 VIII,
172 1619 229 1653 29;
252 1620 286 1649 et
305 1619 410 1650 Mino.
427 1618 464 1650 V.
488 1635 526 1640 -—
548 1628 600 1648 ore
616 1620 702 1657 reffl'o
723 1620 882 1657 principis.
904 1629 957 1649 seu
979 1620 1184 1657 imperatoris.

127 1669 174 1707 (3)
184 1669 408 1700 Ecclesiasten.
421 1668 472 1700 Sic
483 1678 560 1699 unus
572 1669 736 1705 antiquiss.
750 1678 822 1700 mss.
839 1670 896 1700 Sed
910 1670 950 1699 ibi
967 1678 1074 1700 manus
1086 1671 1185 1700 aliena

65 1718 85 1739 a
105 1718 177 1740 voce
199 1710 296 1740 erasit
315 1709 454 1741 litteram
475 1711 577 1747 sigma
596 1712 798 1748 postremanu
815 1713 880 1741 tum
896 1712 1014 1748 syllaba
1029 1714 1079 1741 ten
1097 1712 1185 1742 facile

65 1752 231 1782 coniuncta
251 1753 300 1782 est
319 1760 388 1782 cum
410 1760 481 1782 voce
502 1752 675 1789 insequenti
691 1761 812 1791 usque;
826 1755 858 1782 et
872 1753 959 1782 varia
974 1753 1064 1782 lectio
1079 1756 1185 1783 exorta

64 1793 114 1824 est
131 1793 263 1823 ecclesia
276 1795 442 1831 tenueque,
470 1801 547 1830 quae
572 1794 741 1831 permansit
763 1794 793 1823 in
808 1795 917 1823 ceteris
938 1794 1038 1829 cedd,
1054 1794 1185 1832 demptis

64 1834 193 1870 duobus,
215 1834 248 1864 in
270 1834 380 1871 quibus
400 1834 547 1870 legimus:
570 1835 713 1865 Ecclesia
729 1838 821 1864 tenus
835 1845 873 1864 ac
887 1835 924 1864 cle
938 1836 1108 1867 sacrariis.
1124 1836 1186 1865 Nos

4 1879 9 1884 '
63 1883 168 1906 vocem
187 1875 400 1906 Ecclesiasten
415 1875 542 1911 adiect„
558 1878 590 1906 et
605 1876 793 1906 retinendam
809 1877 1034 1913 existimamus,
1049 1884 1126 1913 quae
1141 1878 1185 1906 vi-

4 1918 9 1923 “
63 1917 156 1948 detur
174 1917 276 1956 prima
295 1917 419 1952 fluisse,
441 1920 475 1947 et
506 1926 575 1947 cum
606 1917 739 1947 Hemsro
767 1926 784 1947 e
808 1926 917 1954 graeco
947 1917 1184 1960 ὲκκλησιαῦτίς

63 1964 252 2000 derivamus:
269 1964 357 2002 qnasi
378 1965 469 2001 poeta
482 1964 613 1995 diceret:
637 1972 714 2001 quae
729 1964 854 2002 (plebes)
870 1974 935 1994 cum
953 1965 1022 1995 aliis
1045 1966 1076 1995 in
1092 1974 1182 1995 unum

64 2007 128 2037 colt
145 2005 258 2043 locum,
279 2006 345 2036 sive
365 2005 499 2042 dicendi,
520 2006 585 2036 sive
607 2005 751 2035 audiendi
772 2014 876 2037 causa.

127 2052 174 2092 (4)
192 2053 403 2084 Nazarenam
423 2052 554 2092 discipl.
577 2052 615 2084 V.
636 2052 750 2091 Hymn.
773 2053 810 2089 V,
827 2053 877 2084 25.

127 2099 174 2140 (5)
193 2109 270 2131 nwoe
288 2100 357 2140 ipso
376 2100 540 2139 templum.
563 2099 599 2132 V.
623 2100 737 2138 Hymn.
760 2099 792 2132 S.
814 2099 987 2138 Laurentii,
1009 2100 1080 2131 146.
