1502 2537
384 164 493 200 ΠΕΡΙ
521 164 779 200 ΣΊῈΦΑΝΩΝ
811 172 960 199 nnmvs
988 172 1012 201 v
1189 161 1265 200 139

461 286 621 323 Aeterna
649 296 720 324 nox
747 284 824 323 illic
851 285 944 323 latet
1189 285 1265 322 245

407 339 546 385 Expers
574 338 696 377 diurni
723 338 875 376 sideris:

408 391 479 428 Hie
508 403 630 429 carcer
657 391 858 429 horrendus
887 402 971 429 suos

410 445 554 482 Habere
583 444 697 482 fertur
725 445 877 484 inferos,

464 498 508 534 In
538 497 604 535 hoc
633 497 845 535 barathrum
875 497 1024 535 coniicit

409 550 652 588 Truculentus
679 551 797 588 hostis
825 554 1042 598 martyrem3
1194 551 1269 586 ‘250

409 603 600 650 Lignoque
626 603 776 651 plantas
805 603 933 641 inserit
954 603 1012 651 (1)

411 655 633 693 Divaricatis
661 656 840 694 cruribus.

464 709 559 754 Quin
588 708 692 746 addit
719 711 756 746 et
782 720 936 756 poenam
965 720 1096 746 novam

410 761 536 799 Crucis
564 762 702 808 peritus
730 762 877 807 artifex,
902 763 962 810 (2)

409 814 515 851 Nulli
542 816 699 862 tyranno
726 816 925 862 cognitam,
1195 816 1270 851 225

409 867 488 905 Nec
516 866 628 904 fando
656 870 875 915 compertam
903 871 1012 906 retro.

462 920 688 967 Fragmenta
715 922 894 958 testarum
923 922 1021 958 iubet

409 972 534 1018 Hirta,
564 973 741 1020 impolitis
769 974 934 1021 angulis,

411 1025 650 1072 Acuminata‚
680 1026 866 1071 informia,

409 1079 525 1125 Tergo
554 1079 707 1117 iacentis
735 1081 953 1117 sternerent.
987 1080 1046 1128 (3)
1197 1079 1272 1116 ‘260

463 1132 593 1169 Totum
621 1132 740 1170 cubile
768 1133 921 1180 spiculis

411 1185 571 1222 Armant
599 1185 738 1223 dolores
766 1186 882 1231 anxii,

412 1237 586 1275 Insomne
615 1238 679 1286 qui
705 1239 831 1276 subter
857 1239 955 1276 latus

411 1290 586 1328 Mucrone
613 1291 762 1339 pulsent
789 1292 907 1329 obvio.

465 1344 567 1381 Haec
594 1344 656 1382 ille
685 1346 852 1382 versutus
880 1344 983 1381 vafra
1198 1346 1272 1382 265

413 1396 614 1435 Meditatus
642 1398 719 1435 arte
747 1399 952 1435 struxerat:

411 1450 481 1487 Sed
510 1449 713 1488 Belzebulis
740 1451 876 1489 callida

413 1502 627 1540 Commenta
656 1503 825 1541 Christus
854 1504 1023 1541 destruit.

209 1595 254 1633 (1)
279 1595 571 1634 liqnoqueplantas
582 1597 708 1625 inserit.
722 1596 800 1634 Quid
816 1605 886 1626 nam
901 1597 944 1626 sit
958 1596 1074 1633 lignum
1090 1597 1274 1631 istiusmodi.

148 1643 207 1671 quo
222 1636 345 1673 plantae
361 1636 445 1674 pedis
459 1637 751 1674 constringerentur,
775 1645 828 1666 nos
850 1637 939 1668 docet
954 1637 1101 1667 Varssws
1115 1639 1146 1667 in
1163 1638 1275 1669 Adnot.

147 1677 186 1706 ad
208 1677 326 1707 Hister.
350 1677 474 1707 Eusebii
496 1678 530 1708 L.
553 1678 590 1713 V,
615 1687 642 1708 c.
667 1679 702 1708 1:
725 1689 742 1706 «
765 1679 900 1708 Truncus
929 1679 1046 1715 ligneus
1075 1680 1177 1715 quinis
1207 1680 1276 1708 hine

146 1721 179 1748 et
200 1718 271 1748 inde
293 1718 493 1748 foraminibus
515 1721 597 1749 cerm
621 1719 750 1749 invicem
771 1720 873 1757 spatio
905 1719 1012 1749 divisis
1043 1723 1221 1756 excavatus,
1246 1722 1276 1750 in

147 1767 224 1796 quae
240 1760 402 1794 foramina.
421 1764 578 1796 tamquam
605 1761 636 1790 in
662 1769 765 1790 ocreas
787 1760 933 1796 quasdam
956 1761 1044 1798 pedes
1066 1762 1277 1791 inserebantur

147 1801 320 1836 noxiorum,
343 1804 376 1830 et
390 1801 533 1836 vinculis,
555 1810 607 1831 seu
622 1802 723 1831 nervis
739 1802 1020 1838 adstringebantur.
1045 1812 1063 1830 »
1085 1803 1128 1832 De
1149 1803 1205 1832 tali
1227 1812 1277 1833 ex·

147 1842 262 1878 quisito
276 1842 477 1872 cruciamenti
493 1851 601 1878 genere
616 1843 685 1872 vide
699 1843 742 1872 sis
757 1843 958 1873 Horsremvn
975 1843 1007 1873 in
1018 1843 1165 1874 Adnotat.
1179 1844 1217 1874 ad
1229 1853 1277 1880 ea,

147 1891 224 1920 quae
246 1883 297 1925 SS.
320 1883 474 1921 Perpetua
495 1888 527 1913 et
549 1884 694 1913 Felicitas
710 1893 762 1921 pro
778 1884 892 1915 Christi
910 1884 1051 1914 doctrina
1071 1893 1179 1922 passae
1193 1888 1276 1916 sunt.

211 1924 255 1962 (2)
279 1924 395 1954 Crucis
417 1926 549 1964 peritus
570 1926 703 1962 artifex.
725 1925 804 1956 Crux
827 1925 916 1956 trasl.
943 1925 980 1956 de
1005 1927 1087 1956 omni
1110 1928 1275 1963 tormento,

147 1966 180 1996 et
201 1965 348 2003 pernicie.

211 2006 256 2045 (3)
273 2009 461 2036 sternerent.
479 2006 570 2037 Codd.
588 2009 620 2037 et
635 2007 785 2037 editiones
800 2007 969 2045 pleraeque.
986 2007 1021 2038 In
1036 2016 1095 2038 uno
1111 2010 1166 2038 aut
1181 2009 1277 2038 altero

147 2046 251 2078 codice
273 2047 429 2078 erzrvs
456 2050 489 2078 et
515 2049 712 2079 Rvnunrrvs
731 2049 871 2086 legerunt
891 2052 1032 2079 sternere
1037 2059 1052 2088 ;
1073 2049 1220 2080 Hemsnrs
1241 2059 1278 2081 ex

148 2089 324 2120 coniectura
344 2090 493 2120 sternier.
