1502 2537
476 148 760 177 carnnnnumon
789 149 939 176 nrmvs
967 150 988 176 v
1114 158 1120 164 ·
1247 140 1294 177 ‘27

276 263 346 301 Sed
373 275 434 301 rex
464 263 600 301 Niliaci
627 263 758 309 litoris,
792 263 914 299 invido
1248 266 1295 299 4³3

224 315 382 354 Fervens
408 316 506 362 felle,
539 317 637 354 iubet
663 316 910 363 praevalidam
940 327 1086 353 manuni

233 370 278 406 In
308 369 441 407 bellum
469 370 608 417 rapidis
635 369 686 406 ire
713 369 936 414 cohortibus,

228 425 465 471 Ferratasque
493 423 590 460 acies
617 422 785 469 clangere
813 421 1019 460 classicum.

232 507 236 511 .
276 476 432 513 Sumunt
459 487 561 512 arma
588 475 672 521 viri,
703 487 810 522 seque
838 475 1042 512 minacibus

226 529 437 576 Accingunt
463 528 621 575 gladiis:
651 528 756 566 triste
783 527 884 565 canit
910 528 1012 565 tuba.
1250 530 1298 561 :30

228 583 298 621 Hic
326 581 408 619 fidit
435 581 579 626 iaculis,
609 580 671 618 isse
700 581 864 618 volantia

227 635 402 682 Praefigit
429 634 581 672 calamis
609 633 750 681 spicula
778 633 925 671 Gnosiis
956 633 1029 681 (1).

278 689 459 726 Densetur
486 687 610 725 cuneis
637 687 745 724 turba
774 687 1002 734 pedestribus
1033 687 1115 733 (2)·,
1169 698 1172 699 ⁷

225 743 360 779 Currus
387 751 488 788 pars,
518 742 555 777 et
582 750 707 787 equos,
737 742 773 776 et
800 740 962 777 volucres
991 743 1088 776 rotas
1120 740 1178 786 (ἐξ)

226 793 482 832 conscendunt
508 793 655 838 celeres,
687 793 865 839 signaque
893 793 1022 829 bellica
1251 795 1298 826 :35

228 847 476 885 Praetendunt
501 845 652 883 tumidis
680 845 780 883 clara
808 846 1038 883 draconibus.

278 901 351 938 Hic
378 899 451 936 iam
479 898 618 936 servitii
646 898 769 936 nescia
796 898 943 945 pristini

226 955 325 991 Gens
354 952 556 990 Pelusiacis
583 953 668 988 usta
695 951 904 998 vaporibus,

226 1006 389 1044 Tandem
416 1004 587 1052 purpurei
614 1004 773 1052 gurgitis
802 1004 946 1050 hospita

226 1058 360 1098 Rubris
385 1058 553 1096 litoribus
580 1057 678 1094 fessa
704 1057 898 1094 resederat.
1249 1060 1298 1095 60

278 1111 407 1150 Hostis
435 1110 536 1148 dirus
564 1110 669 1147 adest
695 1121 778 1148 cum
807 1110 894 1147 duee
922 1110 1073 1157 perfido,

228 1165 346 1202 Infert
371 1165 408 1201 et
434 1163 568 1201 validis
595 1162 732 1211 proelia
758 1163 911 1200 viribus.

225 1219 345 1256 Moses
371 1227 476 1264 porro
502 1227 587 1256 suos
614 1216 653 1254 in
681 1227 779 1253 mare
807 1216 983 1263 praecipit

227 1272 409 1309 Constans
436 1269 628 1316 intrepidis
654 1269 800 1306 tendere
828 1269 1028 1316 gressibus.

279 1323 460 1362 Praebent
484 1323 594 1369 rupta
619 1322 738 1360 locum
766 1323 901 1369 stagna
928 1322 1128 1363 viantibus,
1249 1325 1297 1360 65

227 1376 403 1425 Riparum
430 1375 469 1413 in
497 1375 627 1412 faciem
654 1375 777 1422 pervia
797 1389 804 1411 :
838 1374 980 1412 sistitur

226 1429 475 1468 circumstans
501 1428 627 1466 vitreis
655 1428 755 1465 unda
781 1427 995 1475 liquoribus,

225 1484 322 1521 Dum
348 1482 450 1530 plebs
478 1481 546 1519 sub
573 1481 684 1518 bifido
711 1484 871 1527 permeat
899 1492 1063 1528 aequore.

278 1535 392 1574 Pubis
420 1534 479 1582 (4)
508 1533 597 1582 quin
624 1534 734 1571 etiam
763 1534 902 1571 decolor
930 1534 1068 1581 asperis

225 1588 386 1626 Inritata
413 1587 520 1633 odiis,
550 1598 634 1635 rege
662 1587 730 1624 sub
758 1586 881 1633 impio,
1250 1588 1296 1625 70

226 1642 434 1680 Hebraeum
461 1640 591 1679 sitiens
618 1639 768 1678 fundere
797 1640 1029 1688 sanguinem,

237 1746 283 1785 (1)
306 1747 448 1776 Gnosiis.
472 1745 583 1775 Gnoses
605 1745 713 1775 Cretae
735 1744 806 1774 urbs
821 1745 958 1782 proxime
979 1745 1065 1774 Idam
1082 1747 1228 1782 montem,
1247 1746 1295 1774 ubi

171 1788 285 1819 calami
299 1788 426 1825 sagittis
439 1787 593 1826 aptissimi
608 1786 839 1824 proveniebant.
857 1785 892 1816 V.
916 1786 998 1816 Hori.
1023 1786 1105 1824 Dyr.
1121 1787 1148 1823 I,
1174 1788 1223 1823 15,
1241 1788 1294 1822 17;

172 1829 248 1860 ch.
271 1829 327 1865 111,
351 1829 420 1860 185.

236 1870 281 1909 (2)
303 1870 412 1900 turba.
433 1869 542 1899 Tutius
565 1877 656 1905 quam
679 1870 803 1898 turma.

237 1912 282 1950 (3)
305 1911 434 1942 Currus
449 1920 533 1949 pars
555 1913 615 1940 ete.
639 1909 813 1940 Lectionem
846 1908 1045 1939 describimus
1075 1909 1186 1939 ceteris
1211 1918 1296 1948 prac-

172 1953 352 1991 optandam,
362 1954 396 1983 et
408 1952 616 1991 Gronovianae
629 1952 660 1980 iu
675 1951 797 1988 primiS,
813 1958 903 1987 quam
921 1951 1069 1980 Hnmsrvs
1090 1952 1264 1981 consectatu
1271 1961 1296 1981 r.

173 1993 354 2025 Gnonovrvs
370 1993 509 2033 (Observ.
533 1993 620 2023 Eccl.
637 2001 665 2023 e.
682 1992 720 2028 V,
737 1992 788 2030 13)
805 1991 898 2029 legit:
916 1993 1044 2023 Currus
1055 2002 1149 2030 pars,
1165 1996 1193 2021 et
1207 1994 1297 2031 equis

173 2038 203 2066 et
225 2035 368 2066 volucres
387 2036 480 2070 rotie.

242 2076 284 2116 ’4)
306 2076 420 2108 Pubie.
443 2076 480 2108 V.
503 2075 608 2114 hymn.
634 2074 702 2112 vn,
725 2073 797 2106 162.
