1450 2537
176 184 256 222 202
563 190 710 217 AVRELH
739 187 935 214 PRVDENTH

337 304 482 350 Stupuit
509 306 702 352 tyrannus.
734 302 802 339 sub
829 301 964 348 pudore
991 300 1187 346 fluctuans,

285 360 361 395 Nec
392 358 463 394 vim
492 357 642 393 decebat
670 355 855 392 innocenti
884 354 1066 391 aetatulae

284 410 424 447 inferre
452 410 550 455 leges
581 409 656 456 (1),
688 420 754 445 nec
782 407 944 454 loquenti
972 407 1063 444 talia

285 465 398 500 Furor
426 463 571 500 sinebat
599 462 769 498 efferatus
796 472 956 508 parcere.

286 537 333 543 —
353 530 374 551 «
391 516 478 560 Quis
494 517 634 560 auctor,
648 514 782 561 inquit,
801 513 900 551 vocis
915 515 970 550 est
986 513 1094 550 huius
1107 513 1200 549 tibi?
1217 527 1238 546 »
1259 533 1304 539 —
1445 533 1450 554 ι

340 580 541 626 Respondit
560 579 619 616 ille
637 594 643 615 :
667 601 718 605 —
735 593 756 614 «
772 580 901 625 mater,
919 580 953 615 et
968 578 1077 614 matri
1095 578 1204 615 Deus.
1229 577 1301 614 681

285 634 358 671 Illa
386 645 427 669 ex
456 634 605 680 parente
635 632 771 679 Spiritu
801 632 906 669 docta
935 631 1092 675 imbibit,

285 688 361 732 Quo
390 698 445 722 ine
474 686 568 722 inter
596 685 677 732 ipsa
704 686 869 732 pasceret
895 684 1100 722 cunabula:

285 742 377 786 Ego,
409 741 450 776 ut
477 738 642 785 gemellis
670 739 820 775 uberum
849 738 890 774 de
917 737 1082 774 fontibus

287 794 359 830 Lac
374 804 508 839 parvus
524 792 646 836 hausi,
665 792 849 829 Christum
869 792 905 827 et
923 790 1029 827 hausi
1043 790 1198 826 credere.
1218 803 1238 824 »
1256 811 1307 816 —

338 858 435 903 Ergo
464 857 543 903 ipsa
571 858 687 893 mater
714 857 826 901 adsit,
856 855 1050 900 exclamat,
1081 855 1181 900 cedo,
1231 855 1306 891 686

285 910 545 956 Asclepiades,
576 909 792 956 disciplinae
820 911 855 946 et
881 909 1017 946 exitum

285 963 440 1000 Tristem
470 975 556 1000 suae
585 963 766 1010 magistra
792 964 930 1009 spectet
958 961 1084 1008 impia,

286 1017 384 1053 Male
413 1016 545 1053 eruditi
574 1018 784 1063 torqueatur
812 1015 937 1052 funere

287 1070 450 1107 Infantis
479 1070 588 1114 orba;
621 1081 796 1116 quemque
826 1068 998 1115 corrupit,
1022 1067 1120 1104 fleat.
1232 1067 1307 1102 (390

340 1134 449 1171 Absit
474 1134 661 1171 ministros
690 1134 775 1171 vilis
802 1135 843 1171 ut
870 1133 1083 1170 muliercula

288 1189 442 1225 Nostros
470 1187 622 1234 fatiget:
656 1187 855 1234 quantulus
883 1188 1003 1223 autem
1033 1186 1133 1222 dolor
1163 1184 1222 1233 (2)

288 1240 444 1278 Vexabit
472 1242 586 1286 artus,
606 1241 734 1278 mortis
762 1240 896 1277 auxilio
924 1239 1070 1277 brevis?

288 1293 393 1331 Oculi
421 1294 584 1340 parentis
612 1293 809 1340 punientur
821 1322 825 1327 .
836 1293 972 1337 acrius,

286 1348 401 1392 Quam
423 1347 454 1384 si
473 1348 644 1384 cruentae
665 1347 826 1384 membra
846 1347 1000 1392 carpant
1019 1344 1194 1392 ungulae.
1219 1356 1241 1377 ›>
1259 1363 1307 1370 --

341 1412 411 1449 Vix
440 1412 529 1448 haec
557 1411 736 1458 profatus,
768 1411 955 1458 pusionem
985 1409 1162 1457 praecipit
1233 1408 1308 1446 696

288 1465 446 1502 Sublime
474 1465 621 1511 tollant,
653 1467 688 1501 et
715 1476 827 1501 manu
855 1464 1002 1511 pulsent
1029 1464 1156 1500 nates:

289 1519 374 1554 Mox
402 1520 437 1555 et
464 1520 601 1555 remota
628 1519 727 1555 veste
755 1517 871 1565 virgis
898 1517 1101 1561 verberent,

288 1571 535 1618 Teucrumque
565 1571 664 1608 duris
693 1571 826 1608 ictibus
853 1572 997 1618 tergum
1026 1570 1162 1614 secent,

290 1624 379 1661 Plus
406 1625 503 1661 unde
531 1624 639 1661 lactis
668 1635 778 1671 quam
806 1624 943 1661 cruoris
973 1622 1122 1659 defluat.
1235 1621 1309 1657 700

342 1689 440 1734 Quae
469 1689 587 1726 cautis
616 1689 675 1737 (3)
706 1689 797 1726 illud
825 1676 966 1735 perpeti
992 1687 1254 1734 spectaculum,

291 1742 379 1787 Quis
407 1742 499 1779 ferre
527 1743 644 1789 possit
671 1742 766 1780 aeris
795 1746 859 1779 aut
887 1741 970 1778 ferri
1001 1741 1126 1789 rigor?

249 1882 292 1918 (l)
314 1882 433 1919 inferre
457 1882 548 1919 Zeyes,
570 1890 696 1918 poenam
719 1881 836 1916 legibus
859 1881 1028 1910 definitam.

251 1934 296 1971 (2)
318 1934 533 1972 quantulus...
557 1934 657 1963 dolor.
675 1933 766 1964 Codd.
784 1933 917 1968 Vaticc.,
935 1933 1090 1961 WE1TZIVS
1105 1934 1137 1961 et
1151 1931 1308 1960 RVINART.
1443 1932 1450 1969 ff

187 1975 300 2005 Contra
321 1984 356 2004 ea
378 1975 500 2009 Hamsq
526 1975 599 2004 duos
621 1983 713 2004 manu
734 1976 876 2004 exaratos
898 1974 982 2004 codd.
997 1975 1156 2009 sequutus,
1178 1973 1311 2001 exeribit

187 2017 400 2054 quantulos...
425 2019 530 2047 arcus.
557 2034 594 2038 —
617 2017 719 2046 GISEL.
744 2016 927 2046 mutulos...
945 2016 1070 2044 veaeavit
1093 2017 1198 2045 artus.
1226 2013 1312 2043 Prio-

187 2066 250 2087 reiu
272 2057 433 2087 lectionem
456 2066 541 2087 nemo
564 2058 787 2095 aspernabitur.

250 2111 294 2149 (3)
318 2112 403 2148 Quae
424 2112 540 2147 cantis,
563 2120 616 2148 pro
639 2114 757 2146 calates,
781 2111 815 2139 ut
837 2109 980 2139 ultimam
1001 2108 1166 2139 breviaret.
