1450 2537
200 166 274 204 128
579 175 729 202 Avnnnn
755 173 954 201 PRVDENTH

357 288 453 334 Quin
482 288 528 325 ad
557 287 751 334 antiquum
779 297 971 324 numerum
998 286 1192 324 trahentur

304 342 399 378 Viva
427 343 509 388 post
535 351 671 388 poenae
700 338 882 386 specimen
908 339 1044 386 puella,
1078 338 1137 388 (1)

304 396 472 442 Morsque
500 394 698 438 Vmesm,
729 392 788 430 cui
816 392 970 440 sanguis
999 393 1085 430 hinc
1113 393 1183 438 est,

621 446 718 483 Fons
746 447 782 483 et
808 445 970 483 honoris.
1119 454 1121 457 ⁴
1245 444 1323 483 180

357 505 504 542 Additis
534 505 622 542 CAIO
652 503 736 551 (nec
763 504 862 547 enirn
890 503 1058 552 silendi),
1091 503 1150 553 (2)

303 560 435 605 Teque,
469 559 683 602 CREMENT13
716 557 848 604 quibus
876 557 1107 594 incruentum

304 613 409 648 Ferre
437 610 605 658 provenit
633 611 741 648 decus
774 622 818 648 ex
845 610 1004 648 secundo

623 664 760 701 Laudis
789 674 922 711 agone.

347 723 466 760 Ambo
493 721 652 760 confessi
679 722 891 768 Dominum,
922 722 1104 760 steterunt
1247 720 1322 760 185

303 776 448 813 Acriter
475 777 602 813 contra
630 775 812 813 fremitum
839 775 1047 812 latronum:
1078 775 1136 824 (3)

301 829 420 866 Ambo
448 830 648 877 gustarunt
673 829 802 866 leviter
830 839 995 876 saporem

620 882 881 930 Martyriorum
890 913 898 920 .

356 941 473 986 Haec,
505 940 574 978 sub
601 940 710 978 altari
739 940 811 978 sita
839 939 1075 987 sempiterno,
1113 940 1171 988 (4)

302 994 485 1041 Lapsibus
512 994 649 1031 nostris
677 993 823 1030 veniam
851 994 1019 1040 precatur
1248 994 1324 1032 190

303 1047 439 1093 Turba,
471 1058 581 1094 quam
610 1048 732 1084 servat
759 1058 946 1094 procerum
974 1046 1131 1084 creatrix

623 1101 904 1147 Purpureorum.
938 1099 996 1147 (5)

357 1159 436 1196 Nos
462 1158 522 1206 pio
550 1158 652 1204 fietu,
684 1159 782 1205 date,
813 1159 1022 1206 perluamus

303 1213 525 1249 Marmorum
554 1212 687 1258 sulcos,
720 1213 778 1260 (6)
799 1212 930 1259 quibus
957 1213 1013 1249 est
1041 1214 1166 1259 operta

304 1267 406 1312 Spes,
437 1267 478 1302 ut
506 1265 694 1303 absolvam
721 1265 1006 1302 retinaculorum
1247 1264 1322 1302 195

620 1318 755 1357 Vincla
781 1329 955 1357 meorum.

261 1459 305 1497 (1)
329 1460 401 1488 viva
418 1459 546 1497 puella,
570 1458 603 1488 id
624 1459 672 1489 est
691 1458 847 1488 Encratis.

262 1512 305 1550 (2)
328 1512 454 1542 amitis
475 1511 552 1541 Caio
573 1512 634 1542 etc.
669 1511 759 1542 Caius
781 1512 813 1541 et
845 1511 1034 1542 Cremontius
1057 1511 1114 1541 duo
1141 1511 1242 1541 sancti
1263 1512 1324 1542 viri

198 1554 263 1590 qui,
284 1554 359 1583 livet
379 1553 558 1590 sanguinem
579 1562 639 1583 non
653 1553 845 1591 profuderint
859 1562 912 1590 pro
935 1553 1051 1583 Christi
1066 1553 1206 1582 doctrina
1219 1553 1324 1582 confir-

197 1595 321 1630 manda,
333 1597 406 1624 sunt
423 1596 526 1624 tamen
543 1595 732 1633 martyribus
749 1595 956 1630 annumerati,
973 1595 1065 1631 atque
1079 1595 1137 1624 va
1151 1594 1210 1624 cal.
1226 1595 1324 1624 maias

196 1637 316 1675 publice
337 1637 487 1666 coluntur.

260 1690 304 1728 (3)
329 1691 508 1723 latronum,
531 1688 642 1718 transl.
665 1689 844 1718 daemonum
856 1712 863 1723 ,
882 1688 928 1718 vel
944 1690 1154 1726 tyrannorum,
1171 1689 1223 1725 qui
1238 1688 1324 1719 chri-

197 1732 313 1761 stianos
336 1732 576 1766 insequerentur:
601 1731 643 1760 De
666 1739 736 1760 voce
758 1730 820 1761 Cfr.
837 1731 960 1760 Iosspn.
978 1731 1134 1767 Mna-vn,
1149 1731 1246 1760 Della
1258 1730 1322 1768 for-

198 1776 280 1802 tuna
301 1773 382 1801 delle
398 1772 524 1810 parole.

261 1824 305 1864 (4)
327 1825 386 1854 sub
407 1825 522 1854 altari.
546 1824 671 1862 Apocai.
695 1824 742 1860 VI,
764 1825 794 1854 9.

260 1879 303 1916 (5)
327 1879 502 1908 Procerum
524 1879 670 1907 creatrix
689 1879 894 1916 Purpureor.
921 1877 1166 1914 Caesaraugusta
1180 1886 1324 1915 magnum

198 1919 298 1949 edidit
317 1921 488 1957 martyrum
511 1918 636 1949 foetum.

265 1972 308 2009 (6)
331 1981 533 2001 marmorum
555 1972 678 2001 sulcos:
694 1972 850 2002 litteratos
863 1971 993 2010 lapides,
1009 1972 1041 2002 in
1057 1972 1166 2008 quibus
1186 1972 1323 2006 litterae,

200 2013 295 2043 veluti
315 2013 404 2048 sulci,
435 2014 660 2044 incidebantur.
689 2013 750 2044 Sub
776 2014 815 2043 iis
839 2014 1041 2043 marmoribus
1055 2013 1214 2050 relliquiae
1237 2021 1324 2043 occu-

199 2055 304 2083 luntur
326 2058 511 2092 martyrum;
536 2063 663 2095 quorum
691 2055 788 2085 fretus
816 2055 987 2092 patrocinio
1000 2057 1104 2093 sperat
1127 2056 1220 2094 poeta
1238 2063 1324 2095 posse

201 2097 395 2135 peecatorum
415 2105 538 2127 suorum
559 2097 681 2127 veniam
702 2101 944 2129 consecuturum.
