1450 2537
269 139 342 178 178
647 151 796 178 Avnumi
826 151 1023 178 PavnEN'ru

425 264 527 301 Haec
555 263 635 310 ipsa
664 263 785 300 vestra
813 262 1037 310 dignitatum
1063 263 1227 302 culmina

373 318 466 362 Quid
494 329 570 354 esse
600 318 752 354 censos?
782 328 903 353 nonne
931 316 1066 354 cursim
1093 319 1288 356 transeunt

373 371 519 416 Fasces,
551 381 692 407 secures
722 369 797 417 (1),
829 369 931 415 sella,
960 371 1147 417 praetexta
1174 373 1210 409 et
1236 373 1337 420 toga,

374 423 508 468 Lictor,
540 422 717 468 tribuual,
748 424 784 458 et
810 423 972 460 trecenta
1000 423 1179 471 insignia,

372 476 510 521 Quibus
538 475 700 521 tumetis,
731 486 883 522 moxque
912 476 1185 514 detumescitis?
1214 476 1273 526 (2)
1317 477 1390 515 145

424 541 542 585 Quum
570 540 801 577 consulatum
828 540 947 586 initis,
972 541 1014 578 ut
1036 553 1168 579 vernae
1196 542 1328 590 solent,

373 593 508 640 (Pudet
534 592 681 640 fateril)
710 593 805 630 farre
833 594 953 641 pullos
980 594 1131 641 pascitis
1160 593 1243 643 (3);

373 646 510 693 Aquila
539 658 582 683 ex
610 647 747 684 eburna
777 647 835 696 (4)
865 647 979 684 sumit
1006 648 1269 695 arrogantiam.

372 700 542 737 Gestator
570 699 662 746 eius,
692 711 734 737 ac
763 700 926 747 superbit
952 700 1094 738 belluae

371 753 531 790 Inflatus
559 763 654 799 osse,
685 753 743 790 cui
771 754 891 801 figura
918 755 975 791 est
1002 753 1116 792 alitis.
1317 754 1391 792 150

424 818 504 854 Iam
534 817 566 854 si
594 818 662 855 sub
690 817 765 856 aris
794 818 841 855 ad
869 818 1074 866 sigillorum
1104 818 1161 868 (5)
1190 819 1299 866 pedes

372 870 545 916 Iaceatis,
576 870 674 908 infra
701 871 862 909 sectilem
891 883 1062 919 quercum
1092 871 1150 921 (6)
1180 872 1257 919 siti,

372 923 465 969 Quid
493 935 571 961 esse
600 924 702 962 vobis
731 925 922 962 aestimem
950 925 1172 971 proiectius‘?

372 976 522 1014 Nudare
550 977 699 1024 plantas
730 977 787 1026 (7)
819 979 904 1015 ante
932 979 1146 1025 carpentum
1175 978 1250 1016 scio

371 1031 546 1068 Proceres
572 1032 731 1078 togatos,
762 1031 891 1069 matris
918 1031 1051 1069 Idaeae
1080 1031 1206 1069 sacris.
1317 1031 1390 1068 155

327 1171 374 1211 (1)
397 1172 509 1209 fasces,
533 1181 670 1206 secures,
693 1172 752 1201 etc.
778 1171 924 1201 honorum
946 1172 1094 1208 insignia,
1119 1181 1192 1208 quos
1217 1173 1393 1203 Venvsmvs

267 1214 459 1251 tergeminos
480 1215 573 1242 vocat
594 1213 626 1242 in
647 1213 798 1251 Lyricor.
824 1213 1045 1250 praefactione.

328 1262 373 1300 (2)
396 1261 625 1292 detmnescitis.
650 1261 708 1290 Vos
731 1261 783 1297 qui
804 1261 904 1290 laudis
920 1270 1022 1291 amore
1043 1263 1189 1297 tumetis,
1206 1262 1251 1291 uti
1275 1261 1393 1292 (liceret

265 1304 388 1333 HonAT.
414 1302 491 1342 (Ep.
515 1303 542 1338 Ι,
560 1303 588 1338 1,
606 1301 674 1341 36),
691 1303 763 1332 dum
778 1304 980 1339 magistratus
995 1304 1144 1332 exercetis
1160 1303 1246 1332 vobis
1261 1303 1390 1337 delatos,

263 1354 362 1374 annuo
384 1344 504 1382 expleto
526 1345 730 1380 magistratu,
753 1345 901 1374 tumorem
914 1367 921 1379 ‚
946 1352 1004 1380 quo
1027 1344 1216 1374 incedebatis
1237 1346 1309 1373 ante
1330 1353 1391 1374 oni-

266 1388 348 1415 nium
371 1395 425 1415 ora
447 1386 560 1421 inflati,
583 1386 747 1423 deponitis.
771 1387 923 1415 Detumeo
945 1386 1107 1422 usurpavit
1128 1385 1210 1417 Stat.
1237 1385 1328 1415 Theb.
1353 1385 1390 1420 V,

264 1429 342 1462 46&
367 1429 399 1457 et
421 1427 553 1457 inchoat.
570 1427 746 1456 detumesce
766 1428 797 1456 in
820 1427 931 1464 fragm.
954 1427 1089 1456 occurrit
1102 1427 1297 1456 PetronIanis
1320 1427 1390 1458 109.

329 1475 374 1514 (3)
396 1476 488 1513 farre
513 1475 626 1512 pullos
652 1475 793 1512 pascitis
825 1475 861 1504 ad
897 1475 1046 1512 auspicia.
1071 1474 1239 1510 Tamquam
1267 1483 1391 1509 vernae,

265 1518 375 1553 quibus
390 1525 463 1546 cura
484 1516 580 1553 pullos
601 1516 785 1552 gallinaceos
807 1517 838 1545 in
862 1516 986 1545 cohorte
1008 1516 1152 1553 pascendi
1174 1516 1389 1546 demandatur.

327 1564 373 1603 (4)
397 1574 436 1593 ex
456 1564 554 1593 ebore.
578 1563 732 1599 Consules,
748 1565 780 1593 et
796 1564 847 1599 qui
863 1563 1055 1600 triumphum
1070 1563 1269 1600 deportarent
1281 1563 1390 1600 scipio-

265 1615 332 1635 nem
354 1615 391 1635 ex
412 1606 500 1635 ebore
522 1606 698 1640 gestabant,
728 1605 760 1634 in
787 1605 873 1634 euius
894 1613 1011 1634 summo
1033 1608 1113 1634 esset
1133 1605 1266 1634 eburnea
1288 1604 1392 1640 aquila

266 1648 429 1684 insculpta.
446 1647 490 1675 vV.
514 1647 581 1676 Ivv.
605 1646 646 1681 Χ,
671 1647 722 1676 48.

327 1695 370 1731 (5)
394 1694 600 1732 slyillorum.
625 1694 778 1730 Sigillum,
800 1702 929 1731 parvum
957 1694 1004 1724 est
1025 1693 1160 1730 signum,
1183 1692 1389 1730 imaguncula.

265 1737 301 1765 V.
326 1736 408 1765 infra
430 1745 459 1765 v,
484 1736 556 1765 335.

326 1784 369 1820 (6)
393 1783 486 1820 infra
507 1782 644 1812 sectilem
666 1791 831 1822 quercum,
856 1780 939 1811 infra
970 1781 1109 1812 statuam
1131 1790 1169 1812 ex
1190 1788 1306 1818 querna
1325 1789 1388 1810 ma-

264 1826 345 1855 teria
367 1824 492 1853 saetam.

327 1873 371 1910 (7)
394 1872 522 1901 nudare
538 1871 685 1909 plantas.
708 1870 772 1900 Hoc
795 1870 906 1908 quippe
920 1870 1035 1900 eratin
1049 1878 1131 1900 more
1151 1869 1300 1908 positum,
1318 1868 1390 1898 dum

264 1922 353 1942 sacra
374 1914 496 1942 obirent
515 1913 605 1942 Ideae
626 1922 678 1942 seu
693 1912 822 1947 Cibeles‚
845 1920 922 1948 quae
943 1912 1032 1942 Deor.
1055 1912 1156 1941 Mater
1169 1933 1177 1946 ,
1201 1912 1257 1940 aut
1277 1911 1390 1946 Magna

265 1956 365 1984 Mater
379 1954 601 1992 appellabatur.
619 1971 657 1976 —
680 1955 767 1983 Ante
789 1954 998 1991 Carpentum.
1021 1952 1113 1982 Aliud
1127 1953 1196 1982 erat
1210 1951 1388 1989 carpentum

267 2006 285 2025 a
306 1996 432 2032 pilento,
456 1996 532 2025 cisio
546 2019 554 2031 ‚
576 1996 608 2025 et
630 1995 735 2025 rheda.
759 1994 795 2025 V.
822 1995 1022 2029 Cflssrrssnvm,
1047 1994 1093 2023 De
1114 1994 1162 2023 Re
1187 1993 1386 2022 Vehiculccri.

265 2037 462 2109 ffurpggrtum,
487 2045 576 2073 quem
591 2046 680 2067 sacra
700 2044 810 2074 pompa
824 2036 1026 2075 praecedebat
1045 2035 1114 2066 vide
1136 2036 1167 2064 in
1188 2036 1278 2065 Ovm.
1296 2035 1386 2066 Fast.

312 2101 319 2115 ,
363 2089 411 2108 νο.
