1502 2610
376 214 714 244 COMMENTARIOLVM
744 216 780 243 V.
811 215 1060 244 LANFRANCmI
1208 218 1252 245 XX
1259 219 1266 245 1
1273 217 1291 245 X

166 353 257 382 men
286 340 415 383 secius
447 352 513 382 nos
543 354 588 382 cx
620 340 702 382 illis
722 341 968 383 detruncatis
989 343 1108 395 atque
1138 342 1292 388 laceris,

97 442 102 450 .
164 423 266 466 quae
295 411 347 453 ad
377 423 444 453 nos
476 414 750 465 pervenerunt.
782 424 967 454 romanae
998 412 1162 465 linguan
1196 413 1292 453 roli-

163 482 284 537 quiis,
314 495 396 532 nos,
428 482 607 536 inquam,
640 482 831 524 audacter
861 482 1096 524 confirmare
1131 496 1202 524 non
1228 497 1291 524 ve-

163 565 313 603 remur,
343 553 377 595 si
417 553 513 608 quid
559 553 598 594 in
644 554 700 595 eis
751 553 916 596 mininie
962 554 1202 608 reperiatur,
1252 554 1290 594 id

163 623 366 666 usitatum
395 623 502 678 apud
535 626 685 666 veteres
726 637 798 665 non
839 624 973 675 fuisse,
1013 637 1087 665 non
1127 637 1210 665 esse
1251 624 1291 665 id

163 693 329 736 civitate
356 706 519 736 romana
550 694 790 744 donandum,
822 696 943 748 atque
975 694 1025 736 ad
1065 694 1290 735 barbarian]

163 763 355 805 ultimam
384 764 674 818 relegandum?

219 833 360 889 Neque
390 835 522 877 solum
554 835 725 877 violatae
757 835 975 877 latinitatis
1016 834 1290 877 Prudentium

162 903 390 948 istiusmodi
401 903 422 946 ὁ
430 908 668 960 περ-κριτικοὶ
678 906 921 948 cathedrarii
932 905 1113 959 culpant,
1127 907 1170 947 at
1180 906 1290 947 aliud

163 976 293 1018 telum
314 976 355 1019 in
385 979 543 1031 poetam
574 977 788 1019 intendunt
818 978 1096 1031 praeacutum,
1119 978 1160 1018 et
1178 977 1292 1018 aiunt

161 1046 282 1089 illum
302 1047 522 1090 identidem
543 1048 582 1089 in
604 1061 793 1090 versuum
815 1049 1021 1090 structura
1041 1047 1289 1099 dormitasse,

161 1119 235 1160 aut
258 1119 498 1173 quantitatis
529 1119 692 1173 regulas
723 1119 969 1161 dedidicisse.
993 1118 1058 1160 Ad
1079 1119 1291 1172 sexaginta

163 1189 355 1231 vocabula
382 1189 600 1244 proferunt,
622 1189 662 1231 in
684 1189 830 1244 quibus
853 1190 1009 1232 vocales
1041 1189 1181 1232 breves
1202 1202 1291 1243 pro-

162 1258 379 1310 ducuntur,
396 1260 611 1314 productae
629 1260 872 1302 breviantur.
890 1261 971 1302 Eas
987 1262 1027 1302 te
1044 1260 1133 1302 nolo
1149 1260 1290 1311 celare,

163 1330 331 1385 benigne
353 1331 500 1383 lector:
520 1344 659 1373 earum
691 1332 816 1373 immo
837 1332 1047 1374 elenchum
1064 1331 1230 1373 habebis
1251 1332 1290 1372 in

160 1401 237 1444 fine
260 1401 445 1444 editionis
463 1402 660 1444 Asccterii
685 1402 894 1452 Salesiani‚
917 1415 1041 1457 quam
1063 1402 1137 1444 tibi
1155 1402 1288 1444 offero.

160 1471 223 1514 Tu
239 1475 391 1516 autem.
402 1473 471 1527 qui
487 1486 657 1527 aequam
667 1473 872 1515 licentiam
884 1473 1084 1523 Lucretio,
1098 1473 1287 1526 Virgilio,

161 1542 316 1598 ipsique
325 1543 494 1586 Horatio
509 1544 636 1586 amice
652 1543 845 1586 condonas
861 1544 902 1586 in
917 1544 1098 1586 versibus
1114 1556 1291 1598 pangen—

161 1612 236 1664 dis,
247 1613 415 1656 eandcm
430 1614 607 1656 vicissim
624 1614 737 1657 dabis
747 1616 897 1668 poetae,
910 1614 980 1669 qui
991 1627 1037 1656 ea
1048 1616 1130 1656 tem
1135 1616 1292 1668 pestate

162 1683 354 1735 floruerit‚
374 1697 454 1739 qua
474 1685 622 1727 latinae
643 1685 804 1727 litterae
825 1687 1072 1727 senectutem
1089 1684 1290 1738 quandam

161 1754 362 1809 concipere
393 1755 475 1797 iam
506 1756 757 1804 viderentur;
790 1757 831 1797 et
860 1768 908 1797 ne
941 1755 1182 1809 quantitatis
1204 1767 1292 1796 nor-

161 1837 251 1867 mae
280 1825 322 1867 in
351 1826 657 1868 desuetudinem
688 1825 854 1876 abirent,
896 1825 1156 1879 grammatici
1196 1825 1292 1867 olim

160 1907 226 1938 eas
255 1896 436 1939 versibus
467 1896 732 1951 praeceptivis
763 1896 963 1938 inculcare
995 1896 1034 1938 in
1066 1909 1185 1938 usum
1232 1896 1293 1937 di-

160 1966 359 2009 scentium
390 1967 690 2016 consueverint3
722 1967 785 2008 uti
816 1967 998 2021 exemplo
1020 1979 1090 2009 suo
1111 1979 1291 2020 compro—

161 2035 308 2079 barunt
337 2037 400 2080 vel
431 2037 507 2080 sub
529 2037 790 2080 'Dioclesiano
820 2037 1082 2079 Terentianus
1123 2037 1292 2078 Maurus

160 2110 204 2149 et
232 2107 337 2150 Iuba
365 2121 412 2150 ex
442 2109 579 2151 Africa
611 2108 781 2159 oriundi,
814 2108 954 2150 deiude
975 2108 1131 2150 Marius
1156 2108 1291 2149 Victo-
