1502 2537
337 162 446 199 ΠΕΡΙ
475 162 729 200 wadum&
764 170 913 199 HYMNVS
941 171 963 199 x
1144 158 1216 198 1⁸7

254 285 328 323 Vos
356 286 514 324 eruditos
542 285 653 323 miror
679 286 714 323 et
742 285 864 323 doctos
892 286 1003 330 viros,

203 339 386 386 Perpensa
413 339 509 376 vitae.
538 350 627 387 quos
654 339 835 387 gubernat
861 339 1003 386 regula,

201 392 351 430 Nescire
380 392 434 428 vel
464 392 603 438 divina,
635 391 691 429 vel
719 391 886 429 mortalia

201 446 278 490 Quo
305 445 380 482 iure
408 447 597 482 constent:
629 447 768 492 quanta
796 444 967 481 maiestas
991 446 1108 489 rogat,

201 497 383 545 Quidquid
411 500 571 535 creatum
599 501 667 542 est,
699 509 790 545 quae.
818 498 954 535 creavit
981 499 1115 535 onmia.
1140 498 1215 534 :310

255 551 351 589 Deus
379 551 562 601 perennis,
592 562 649 588 res
677 550 969 593 inaestimabilis,

201 604 285 641 Non
313 603 523 650 cogitando,
553 614 626 641 non
655 603 809 640 videndo
836 603 1040 641 clauditur:

201 656 351 694 Excedit
377 668 518 694 omnem
547 657 679 694 mentis
708 656 887 693 humanae
915 656 1080 698 inodnnn

200 710 278 747 Nec
305 709 559 757 comprehendi
587 709 725 746 visibus
754 709 889 746 nostris
917 709 1028 754 valet,

200 763 383 810 Extraque
410 764 446 800 et
473 762 573 799 intus
601 762 726 809 implet
753 773 795 799 ac
824 762 1026 809 superfluit.
1138 762 1212 798 5317,

254 815 511 862 Intemperalis
540 815 599 863 (1)
625 816 726 860 ante,
757 826 865 862 quam
894 814 1032 861 primus
1060 814 1158 851 dic-s:

200 869 290 906 Esse
317 870 354 906 et
380 867 492 905 fuisse
519 879 659 915 semper
686 879 781 905 unus
810 867 974 905 obtinet:

200 922 278 960 Lux
306 921 381 969 ipse
409 932 508 966 vera,
538 921 614 957 veri
641 921 677 958 et
704 922 828 957 auctor
855 920 1027 957 luminis:

199 975 317 1020 Quum
343 973 466 1011 lumen
493 976 601 1018 esset,
630 973 753 1011 lumen
781 973 908 1010 effudit
935 985 1062 1010 sumn:

200 1028 254 1065 Ex
281 1026 362 1064 luce
387 1026 510 1074 fulgor
536 1028 646 1063 natus
673 1026 733 1065 hic
760 1027 816 1063 est
843 1026 974 1063 Filius.
1138 1027 1214 1064 5320

252 1079 319 1118 vis
346 1090 421 1117 una
449 1079 586 1125 Patris,
616 1078 673 1116 vis
700 1081 736 1116 et
762 1090 837 1116 una
863 1080 919 1116 est
947 1079 1045 1123 Filii,

200 1133 374 1180 Unusque
401 1132 449 1170 ab
474 1143 548 1169 uno
575 1131 711 1169 lumine
739 1131 909 1179 splendor
937 1134 1054 1178 satus,

170 1214 177 1219 .
199 1185 312 1223 Pleno
338 1185 482 1223 refulsit
508 1185 687 1222 claritatis
714 1185 864 1222 lumine.

197 1239 343 1276 Natura
369 1238 522 1285 simplex
549 1237 659 1285 pollet
685 1237 795 1275 unius
823 1238 912 1283 Dei3

198 1291 261 1337 Et,
278 1291 456 1340 quidquid.
468 1302 623 1338 usquam
637 1292 702 1335 est,
717 1301 793 1328 una
807 1290 925 1329 virtus
939 1291 1117 1328 condidit.
1137 1292 1211 1327 :⁷325

251 1344 400 1382 Caelum
426 1343 627 1391 solumque,
658 1343 732 1381 vim
760 1343 893 1381 marini
920 1344 1094 1391 gurgitis,

197 1396 346 1443 Globos,
377 1397 515 1434 dierum
541 1397 786 1444 noctiumque,
816 1397 1013 1443 praesides,

197 1450 350 1495 Ventos,
379 1449 570 1498 procellas,
600 1449 762 1497 fulgura,
793 1449 939 1495 imbres,
965 1450 1106 1495 nubila,

197 1503 491 1550 Septemtriones,
522 1502 717 1550 Hesperos,
748 1504 882 1548 aestus,
910 1503 1027 1548 nives,

199 1556 347 1602 Fontes,
378 1556 544 1603 pruinas,
574 1557 610 1593 et
638 1555 800 1600 metalla,
832 1557 868 1593 et
894 1555 1069 1593 fiumina:
1137 1556 1214 1592 3130

252 1609 466 1656 Praerupta,
496 1608 622 1656 plana,
653 1609 828 1646 montium
857 1609 1053 1655 convallia,

200 1661 324 1707 Feras,
354 1661 533 1707 volucres,
564 1661 725 1709 reptiles,
756 1661 943 1707 natatiles,

198 1715 382 1760 Iumenta⁷
414 1725 526 1762 pecua
555 1714 630 1762 (2),
661 1714 872 1761 subiugales
900 1714 1054 1761 belluas,

93 1850 163 1872 mvs
176 1843 208 1872 et
222 1842 452 1877 Nunmssmvsrs.
475 1851 528 1880 pro
549 1851 583 1872 eo
605 1843 684 1879 quod
704 1843 753 1872 est
772 1843 922 1880 deceptor.
941 1843 988 1873 De
1005 1843 1214 1873 Circulatori-

93 1883 165 1919 bus,
176 1883 301 1914 V.Cz1.s.
316 1884 353 1919 V,
368 1884 420 1918 27,
436 1884 475 1916 N.
493 1884 521 1913 3.
538 1884 598 1913 Nos
613 1884 785 1914 istiusmodi
801 1884 1053 1915 circumforaneos
1074 1885 1215 1914 mortales

92 1925 260 1956 diceremus
273 1935 280 1955 :
303 1925 561 1960 cautambanchi‚
573 1927 743 1955 cerretani.

157 1965 208 2006 (l)
229 1966 466 2005 intemporalis,
491 1967 542 2002 qui
564 1969 612 1996 est
633 1968 723 1996 extra
744 1971 874 2004 tempus,
898 1968 946 1997 est
967 1967 1120 1997 aeternus.
1140 1967 1200 1997 Pru

95 2007 274 2038 dentianum
295 2008 495 2038 adiectivum.

155 2049 200 2087 (2)
217 2058 333 2087 pecua.
358 2048 394 2080 V.
411 2049 501 2078 Vmc.
518 2049 751 2083 lernmcnn,
769 2049 847 2079 Lex.
866 2050 952 2080 Poe'c.
979 2049 1048 2080 Tot.
1065 2049 1213 2087 Linquac

96 2089 244 2122 Latinae.
269 2106 308 2113 -
329 2089 407 2126 Aug.
429 2090 589 2120 Taurinor.
612 2098 651 2120 ex
671 2089 757 2122 Offic.
780 2090 878 2127 Regia
899 2098 950 2120 au.
974 2097 1151 2123 n.1>ccc.xc.
