1450 2537
225 155 272 193 16
600 164 750 192 ΑνΒΕωῐ
776 164 976 192 Pavonum

432 279 512 315 Sint
540 278 615 315 sera
643 278 812 325 gentibus
841 277 1029 315 indomitis

383 332 541 368 Prandia
569 332 611 368 de
638 342 723 368 nece
752 330 1051 377 quadrupedum3

380 385 457 421 Nos
485 385 590 422 oleris
619 395 734 428 coma,
766 394 832 420 nos
860 382 995 430 siliqua
1025 383 1082 432 (1)

380 438 488 474 Foeta
515 437 696 483 legumine
724 435 935 473 multimodo

380 490 524 527 l'averit
552 489 718 527 innocuis
745 487 874 535 epulis.
1293 494 1342 530 60

428 549 581 594 Spumea
608 547 764 584 mulctra
791 547 924 593 gerunt
951 546 1076 585 niveos

378 601 490 637 Ubere
519 601 561 637 do
589 600 734 647 gemino
761 599 903 645 latices,

378 655 514 700 Perque
542 653 696 700 coagula
723 652 837 690 densa
863 652 981 699 liquor

375 708 420 743 In
449 706 605 743 solidum
633 706 718 751 coit,
748 707 785 742 et
810 705 936 752 fragili

375 760 447 796 Lae
475 761 636 796 tenerum
663 758 838 806 premitur
865 758 1023 796 calatho.
1292 763 1340 800 70

426 818 536 855 Mella
563 829 687 855 recens
714 817 806 854 mihi
834 817 1004 864 Cecropia
1033 817 1092 867 (2)

374 873 407 908 N
412 874 526 908 uetare
555 871 664 908 sudat
690 870 807 908 olente
835 870 964 908 favus:

374 925 473 961 Haeo
503 924 621 971 opifex
649 923 728 970 apis
757 923 854 960 aerio

372 979 464 1014 Rore
491 977 622 1024 liquat,
651 976 823 1023 tenuique
850 975 990 1024 thymo,

372 1030 512 1067 Nexilis
539 1030 656 1067 inscia
683 1029 868 1067 connubii.
1289 1033 1336 1070 75

424 1088 522 1125 Hinc
549 1099 689 1135 quoque
716 1087 881 1134 pomiferi
908 1088 1065 1126 nemoris

372 1143 524 1178 Munera
551 1141 655 1178 mitia
681 1140 901 1187 proveniunt
930 1142 1014 1190 (3):

370 1195 487 1232 Arbor
515 1205 606 1232 onus
632 1193 846 1231 tremefacta
873 1205 979 1231 suum

370 1247 528 1284 Deciduo
556 1247 680 1295 gravis
708 1247 821 1284 imbre
849 1245 957 1294 pluit,

368 1300 614 1348 Puniceosque
642 1300 731 1337 iacit
755 1299 932 1337 cumulos.
1285 1302 1334 1339 80

420 1360 517 1405 Quae
545 1360 705 1396 veterum
732 1359 834 1404 tuba,
866 1370 1002 1406 quaeve
1030 1359 1111 1407 lyra

368 1413 533 1450 Flatibus
560 1412 703 1458 inolita,
734 1412 791 1449 vel
819 1411 966 1458 fidibus,

366 1465 500 1503 Divitis
529 1465 786 1512 omnipotentis
805 1475 909 1511 opus,

365 1519 533 1565 Quaeque
562 1518 715 1556 fruenda
742 1519 871 1564 patent
898 1517 1052 1564 homini,

366 1571 551 1609 Laudibus
579 1571 813 1619 aequiparare
841 1572 977 1618 queat?
1283 1572 1332 1609 85

416 1632 478 1677 Te,
510 1632 618 1669 Pater
646 1630 793 1678 optime,
824 1641 930 1666 mane
958 1640 1065 1677 novo,

364 1684 456 1721 Solis
484 1686 519 1721 et
547 1684 664 1721 orbita
692 1695 802 1731 quum
831 1682 950 1720 media
977 1685 1055 1729 est3

362 1739 410 1775 Te
439 1749 578 1785 quoque
605 1737 683 1774 luce
712 1737 780 1774 sub
807 1736 970 1783 occidua,

266 1867 310 1904 (l)
333 1866 468 1903 siliqua.
493 1865 550 1895 Per
573 1865 716 1903 synechd.
733 1866 800 1902 ipsa
820 1865 976 1901 legumina
997 1865 1053 1895 hoc
1081 1865 1203 1895 nomine
1230 1865 1330 1896 venie·

204 1906 290 1942 bant,
315 1908 424 1942 quibus
446 1908 597 1936 tenuiores
620 1907 813 1936 victitarent.
828 1907 864 1937 V.
877 1907 958 1936 Ηοκ.
972 1906 1013 1943 ΙΙ,
1025 1906 1082 1944 Ep.
1099 1907 1128 1943 1,
1143 1907 1218 1941 123;
1236 1907 1328 1938 Peas.

204 1949 258 1983 111,
282 1950 336 1981 55:
362 1949 425 1978 Ivv.
450 1949 504 1983 XI,
529 1950 578 1978 ἒς.

266 1995 309 2032 (2)
320 1996 352 2024 Cr
367 1996 480 2032 τνοριά,
490 1995 608 2024 Attica.
617 1995 649 2023 In
659 1994 817 2031 Hymetto,
826 1993 951 2023 Atticae
962 1993 1329 2029 moutestaudatiesimum

202 2036 273 2065 olim
297 2036 353 2065 mel
376 2036 584 2072 colligebatur.
611 2036 644 2065 V.
670 2036 773 2072 hymn.
798 2036 849 2071 V.‚
873 2035 923 2070 94;
947 2035 1038 2065 Vmo.
1063 2036 1156 2065 Geor.
1178 2035 1231 2071 IV,
1257 2036 1327 2067 177.

266 2083 310 2122 (3)
335 2084 475 2113 Munera
497 2084 603 2113 mitia.
628 2083 721 2113 Poma
743 2083 877 2113 matura.
902 2081 938 2113 V.
962 2082 1053 2112 VIRG.
1077 2082 1147 2112 Ecl.
1171 2082 1197 2119 Ι,
1223 2083 1274 2112 81.
