1450 2537
191 127 264 166 108
570 137 720 165 Avitum
747 136 947 164 PRVDENTH

398 254 501 299 Quod
529 253 680 301 quisque
710 252 862 300 supplex
890 252 1067 299 postulat,
1241 255 1315 291 565

349 306 434 343 Fert
462 307 695 354 impetratum
722 317 914 353 prospere:

348 360 524 406 Poscunt,
556 360 706 396 licenter
736 359 795 407 (1)
826 358 1007 404 indicant,

346 413 395 450 Et
421 413 539 450 tristis
567 412 666 449 haud
694 411 791 449 ullus
820 411 927 448 redit,

400 466 473 503 Ceu
499 467 643 513 praesto
672 476 810 512 semper
838 464 958 501 adsies
990 463 1065 512 (2),

345 519 509 565 Tuosque
537 519 705 555 alumnos
732 517 875 555 urbicos
1240 519 1315 556 570

346 572 521 609 Lactante
549 571 757 618 complexus
785 571 869 608 sinu

346 625 503 662 Paterno
532 636 652 662 amore
680 624 836 661 nutrias.

398 677 476 715 Hos
504 677 613 723 inter,
645 687 665 714 ο
695 677 831 715 Christi
860 677 984 722 decus,

344 730 443 768 Audi
472 731 507 768 et
534 733 678 777 poetam
705 730 881 767 rusticum
912 730 988 778 (3),

345 783 471 821 Cordis
499 783 675 821 fatentem
703 783 870 830 crimina,
1230 785 1305 821 575

344 837 393 874 Et
421 836 520 874 facta
547 837 758 884 prodentem
786 848 866 874 sua.

396 890 593 937 Indignus,
624 901 783 937 agnosco
811 892 847 927 et
874 889 962 935 scio,

340 943 451 989 Quem
481 943 647 981 Christus
675 943 752 990 ipse
780 943 973 987 exaudiat3

342 996 410 1033 Sed
436 1008 500 1043 per
526 997 699 1043 patronos
726 998 903 1044 martyres

342 1050 468 1087 Potest
494 1048 671 1087 medelam
699 1049 884 1096 consequi.
1236 1052 1311 1088 580

394 1102 494 1140 Audi
520 1102 703 1150 benignus
731 1102 931 1149 supplicem

343 1155 480 1193 Christi
497 1167 599 1192 reum
627 1155 881 1202 Prudentium,

339 1209 389 1246 Et
415 1208 631 1246 servientem
659 1209 798 1256 corpori

339 1261 499 1299 Absolve
527 1261 659 1299 vinclis
686 1261 837 1299 saeculi.

243 1384 287 1422 (1)
310 1384 451 1414 licenter.
473 1385 509 1414 In
532 1385 640 1414 bonam
673 1386 792 1421 partem
809 1407 816 1420 ,
839 1384 907 1414 scil.
941 1385 1081 1421 fidenter,
1116 1394 1168 1415 ore
1201 1386 1307 1416 libero.

181 1425 358 1455 Vaticanor.
381 1434 452 1463 pars
474 1426 573 1455 maior
594 1425 688 1455 habet
708 1427 862 1461 iocanter,
886 1426 918 1455 id
941 1429 988 1456 est
1003 1427 1159 1460 lubenter:
1184 1428 1236 1456 sed
1252 1429 1307 1457 Bo—

180 1467 313 1496 doniana
332 1467 424 1496 lectio
446 1467 546 1503 magis
568 1467 607 1496 ad
628 1476 747 1497 sensum
771 1467 899 1497 confert.

242 1520 286 1558 (2)
311 1521 429 1556 adsies,
453 1519 658 1565 παραγωγή.

241 1574 284 1610 (3)
306 1573 348 1602 De
370 1574 472 1603 animo
487 1575 594 1610 poetae
616 1573 724 1603 humili
743 1573 932 1609 demissoque
945 1574 1007 1602 iam
1031 1574 1160 1611 paucula
1178 1575 1306 1604 annota-

181 1615 279 1644 vimus
300 1615 333 1644 in
354 1614 457 1645 Praes.
483 1614 566 1660 Περὶ
593 1613 692 1661 Στεφ.
715 1624 743 1644 V·
767 1616 806 1645 25
828 1617 860 1645 et
881 1623 966 1651 seqq·
