<?xml version="1.0" encoding="UTF-8"?>
<!DOCTYPE html PUBLIC "-//W3C//DTD XHTML 1.0 Transitional//EN"
    "http://www.w3.org/TR/xhtml1/DTD/xhtml1-transitional.dtd">
<html xmlns="http://www.w3.org/1999/xhtml" xml:lang="en" lang="en">
 <head>
  <title>
</title>
<meta http-equiv="Content-Type" content="text/html;charset=utf-8" />
  <meta name='ocr-system' content='tesseract 3.04.00' />
  <meta name='ocr-capabilities' content='ocr_page ocr_carea ocr_par ocr_line ocrx_word'/>
</head>
<body>
  <div class='ocr_page' id='page_1' title='image "./operapru01pruduoft_0141.png"; bbox 0 0 1502 2537; ppageno 0'>
   <div class='ocr_carea' id='block_1_1' title="bbox 0 0 415 161">
    <p class='ocr_par' dir='ltr' id='par_1_1' title="bbox 0 0 415 161">
     <span class='ocr_line' id='line_1_1' title="bbox 0 0 415 161; baseline 0 2376"><span class='ocrx_word' id='word_1_1' title='bbox 0 0 415 161; x_wconf 95' lang='lat' dir='ltr'> </span> 
     </span>
    </p>
   </div>
   <div class='ocr_carea' id='block_1_2' title="bbox 11 2099 26 2284">
    <p class='ocr_par' dir='ltr' id='par_1_2' title="bbox 11 2099 26 2284">
     <span class='ocr_line' id='line_1_2' title="bbox 11 2099 26 2284; textangle 90"><span class='ocrx_word' id='word_1_2' title='bbox 12 2268 19 2284; x_wconf 50' lang='grc' dir='ltr'>ω</span> <span class='ocrx_word' id='word_1_3' title='bbox 12 2173 22 2253; x_wconf 47' lang='grc' dir='ltr'>ν-ςνς</span> <span class='ocrx_word' id='word_1_4' title='bbox 11 2152 15 2159; x_wconf 70' lang='grc'><em>’</em></span> <span class='ocrx_word' id='word_1_5' title='bbox 18 2099 26 2124; x_wconf 49' lang='lat' dir='ltr'>⁴ae</span> 
     </span>
    </p>
   </div>
   <div class='ocr_carea' id='block_1_3' title="bbox 12 2285 25 2341">
    <p class='ocr_par' dir='ltr' id='par_1_3' title="bbox 12 2285 25 2341">
     <span class='ocr_line' id='line_1_3' title="bbox 12 2285 25 2341; textangle 90"><span class='ocrx_word' id='word_1_6' title='bbox 12 2285 25 2341; x_wconf 51' lang='lat' dir='ltr'>-qn-</span> 
     </span>
    </p>
   </div>
   <div class='ocr_carea' id='block_1_4' title="bbox 13 2325 34 2389">
    <p class='ocr_par' dir='ltr' id='par_1_4' title="bbox 13 2325 34 2389">
     <span class='ocr_line' id='line_1_4' title="bbox 13 2325 34 2389; textangle 90"><span class='ocrx_word' id='word_1_7' title='bbox 13 2325 34 2389; x_wconf 35' lang='grc' dir='ltr'>,ξῆ-</span> 
     </span>
    </p>
   </div>
   <div class='ocr_carea' id='block_1_5' title="bbox 406 175 1277 213">
    <p class='ocr_par' dir='ltr' id='par_1_5' title="bbox 406 175 1277 213">
     <span class='ocr_line' id='line_1_5' title="bbox 406 175 1277 213; baseline 0.002 -2"><span class='ocrx_word' id='word_1_8' title='bbox 406 176 516 212; x_wconf 76' lang='grc' dir='ltr'>ΙΙΕΡῙ</span> <span class='ocrx_word' id='word_1_9' title='bbox 542 175 803 212; x_wconf 71' lang='grc' dir='ltr'>ΣΊῈΦΑΝῼΝ</span> <span class='ocrx_word' id='word_1_10' title='bbox 832 184 983 212; x_wconf 72' lang='grc' dir='ltr'>ωηῑΝνε</span> <span class='ocrx_word' id='word_1_11' title='bbox 1011 185 1038 211; x_wconf 83' lang='lat' dir='ltr'>u</span> <span class='ocrx_word' id='word_1_12' title='bbox 1228 176 1277 213; x_wconf 71' lang='lat'>99</span> 
     </span>
    </p>
   </div>
   <div class='ocr_carea' id='block_1_6' title="bbox 162 245 359 254">
    <p class='ocr_par' dir='ltr' id='par_1_6' title="bbox 162 245 359 254">
     <span class='ocr_line' id='line_1_6' title="bbox 162 245 359 254; baseline -0.015 0"><span class='ocrx_word' id='word_1_13' title='bbox 162 245 359 254; x_wconf 75' lang='lat'>——.—</span> 
     </span>
    </p>
   </div>
   <div class='ocr_carea' id='block_1_7' title="bbox 314 296 909 503">
    <p class='ocr_par' dir='ltr' id='par_1_7' title="bbox 314 296 909 503">
     <span class='ocr_line' id='line_1_7' title="bbox 368 296 878 347; baseline -0.006 -8"><span class='ocrx_word' id='word_1_14' title='bbox 368 298 432 338; x_wconf 86' lang='lat' dir='ltr'>mi</span> <span class='ocrx_word' id='word_1_15' title='bbox 458 310 499 338; x_wconf 91' lang='lat' dir='ltr'>os</span> <span class='ocrx_word' id='word_1_16' title='bbox 526 299 650 337; x_wconf 91' lang='lat' dir='ltr'>decore</span> <span class='ocrx_word' id='word_1_17' title='bbox 678 296 878 347; x_wconf 77' lang='lat' dir='ltr'>splenduit,</span> 
     </span>
     <span class='ocr_line' id='line_1_8' title="bbox 316 351 883 401; baseline -0.005 -10"><span class='ocrx_word' id='word_1_18' title='bbox 316 352 522 401; x_wconf 85' lang='lat' dir='ltr'>Fulgorque</span> <span class='ocrx_word' id='word_1_19' title='bbox 548 351 788 390; x_wconf 85' lang='lat' dir='ltr'>circumfusus</span> <span class='ocrx_word' id='word_1_20' title='bbox 815 353 883 389; x_wconf 85' lang='lat' dir='ltr'>est.</span> 
     </span>
     <span class='ocr_line' id='line_1_9' title="bbox 314 404 909 453; baseline -0.005 -9"><span class='ocrx_word' id='word_1_21' title='bbox 314 405 440 444; x_wconf 83' lang='lat' dir='ltr'><strong>Talem</strong></span> <span class='ocrx_word' id='word_1_22' title='bbox 466 406 650 443; x_wconf 76' lang='lat' dir='ltr'>revertens</span> <span class='ocrx_word' id='word_1_23' title='bbox 677 404 822 453; x_wconf 79' lang='lat' dir='ltr'>Legifer</span> <span class='ocrx_word' id='word_1_24' title='bbox 851 404 909 453; x_wconf 92' lang='lat'>(1)</span> 
     </span>
     <span class='ocr_line' id='line_1_10' title="bbox 315 457 866 503; baseline -0.005 -6"><span class='ocrx_word' id='word_1_25' title='bbox 315 459 369 497; x_wconf 92' lang='lat' dir='ltr'>De</span> <span class='ocrx_word' id='word_1_26' title='bbox 396 460 517 497; x_wconf 87' lang='lat' dir='ltr'>monte</span> <span class='ocrx_word' id='word_1_27' title='bbox 544 458 687 496; x_wconf 86' lang='lat' dir='ltr'>vultum</span> <span class='ocrx_word' id='word_1_28' title='bbox 715 457 866 503; x_wconf 82' lang='lat' dir='ltr'>detulit3</span> 
     </span>
    </p>
   </div>
   <div class='ocr_carea' id='block_1_8' title="bbox 313 522 1280 954">
    <p class='ocr_par' dir='ltr' id='par_1_8' title="bbox 313 522 1280 954">
     <span class='ocr_line' id='line_1_11' title="bbox 368 522 1280 571; baseline -0.002 -10"><span class='ocrx_word' id='word_1_29' title='bbox 368 524 505 561; x_wconf 85' lang='lat' dir='ltr'>Iudaea</span> <span class='ocrx_word' id='word_1_30' title='bbox 533 535 638 571; x_wconf 89' lang='lat' dir='ltr'>quem</span> <span class='ocrx_word' id='word_1_31' title='bbox 665 522 768 570; x_wconf 84' lang='lat' dir='ltr'>plebs</span> <span class='ocrx_word' id='word_1_32' title='bbox 795 533 903 560; x_wconf 81' lang='lat' dir='ltr'>aureo</span> <span class='ocrx_word' id='word_1_33' title='bbox 1206 524 1280 560; x_wconf 60' lang='lat'>3023</span> 
     </span>
     <span class='ocr_line' id='line_1_12' title="bbox 314 574 865 624; baseline -0.005 -9"><span class='ocrx_word' id='word_1_34' title='bbox 314 577 411 615; x_wconf 87' lang='lat' dir='ltr'>Bove</span> <span class='ocrx_word' id='word_1_35' title='bbox 437 576 633 624; x_wconf 85' lang='lat' dir='ltr'>inquinata</span> <span class='ocrx_word' id='word_1_36' title='bbox 660 579 697 614; x_wconf 85' lang='lat' dir='ltr'>et</span> <span class='ocrx_word' id='word_1_37' title='bbox 723 574 865 613; x_wconf 88' lang='lat' dir='ltr'>decolor</span> 
     </span>
     <span class='ocr_line' id='line_1_13' title="bbox 314 628 824 677; baseline -0.004 -9"><span class='ocrx_word' id='word_1_38' title='bbox 314 629 487 677; x_wconf 76' lang='lat' dir='ltr'>Expavit,</span> <span class='ocrx_word' id='word_1_39' title='bbox 509 631 545 666; x_wconf 90' lang='lat' dir='ltr'>et</span> <span class='ocrx_word' id='word_1_40' title='bbox 573 628 702 667; x_wconf 86' lang='lat' dir='ltr'>faciem</span> <span class='ocrx_word' id='word_1_41' title='bbox 729 629 824 666; x_wconf 90' lang='lat' dir='ltr'>retro</span> 
     </span>
     <span class='ocr_line' id='line_1_14' title="bbox 315 680 896 730; baseline -0.005 -9"><span class='ocrx_word' id='word_1_42' title='bbox 315 682 477 721; x_wconf 85' lang='lat' dir='ltr'>Detorsit</span> <span class='ocrx_word' id='word_1_43' title='bbox 503 682 698 730; x_wconf 77' lang='lat' dir='ltr'><strong>impatiens</strong></span> <span class='ocrx_word' id='word_1_44' title='bbox 726 681 785 730; x_wconf 81' lang='lat'>(2)</span> <span class='ocrx_word' id='word_1_45' title='bbox 815 680 896 719; x_wconf 92' lang='lat' dir='ltr'>Dei.</span> 
     </span>
     <span class='ocr_line' id='line_1_15' title="bbox 367 745 913 795; baseline -0.005 -10"><span class='ocrx_word' id='word_1_46' title='bbox 367 747 562 795; x_wconf 77' lang='lat' dir='ltr'>&#39;Palemque</span> <span class='ocrx_word' id='word_1_47' title='bbox 588 748 624 785; x_wconf 87' lang='lat' dir='ltr'>et</span> <span class='ocrx_word' id='word_1_48' title='bbox 650 746 711 784; x_wconf 84' lang='lat' dir='ltr'>ille</span> <span class='ocrx_word' id='word_1_49' title='bbox 738 745 913 794; x_wconf 85' lang='lat' dir='ltr'>praetulit</span> 
     </span>
     <span class='ocr_line' id='line_1_16' title="bbox 316 799 746 848; baseline -0.007 -9"><span class='ocrx_word' id='word_1_50' title='bbox 316 801 400 840; x_wconf 81' lang='lat' dir='ltr'>Oris</span> <span class='ocrx_word' id='word_1_51' title='bbox 426 800 566 838; x_wconf 81' lang='lat' dir='ltr'><strong>corusci</strong></span> <span class='ocrx_word' id='word_1_52' title='bbox 591 799 746 848; x_wconf 82' lang='lat' dir='ltr'>gloriam</span> 
     </span>
     <span class='ocr_line' id='line_1_17' title="bbox 313 851 1069 902; baseline -0.005 -10"><span class='ocrx_word' id='word_1_53' title='bbox 313 854 519 902; x_wconf 78' lang='lat' dir='ltr'>Stephanus</span> <span class='ocrx_word' id='word_1_54' title='bbox 548 852 623 901; x_wconf 87' lang='lat'>(3),</span> <span class='ocrx_word' id='word_1_55' title='bbox 653 864 716 900; x_wconf 90' lang='lat' dir='ltr'>per</span> <span class='ocrx_word' id='word_1_56' title='bbox 742 851 890 889; x_wconf 79' lang='lat' dir='ltr'>imbrem</span> <span class='ocrx_word' id='word_1_57' title='bbox 922 864 1069 889; x_wconf 59' lang='lat' dir='ltr'>uxeum</span> 
     </span>
     <span class='ocr_line' id='line_1_18' title="bbox 315 905 802 954; baseline -0.006 -9"><span class='ocrx_word' id='word_1_58' title='bbox 315 906 443 946; x_wconf 85' lang='lat' dir='ltr'>Caelos</span> <span class='ocrx_word' id='word_1_59' title='bbox 469 908 613 954; x_wconf 86' lang='lat' dir='ltr'>apertos</span> <span class='ocrx_word' id='word_1_60' title='bbox 639 905 802 943; x_wconf 89' lang='lat' dir='ltr'>intuens.</span> 
     </span>
    </p>
   </div>
   <div class='ocr_carea' id='block_1_9' title="bbox 282 969 1280 1401">
    <p class='ocr_par' dir='ltr' id='par_1_9' title="bbox 282 969 1280 1401">
     <span class='ocr_line' id='line_1_19' title="bbox 365 969 989 1018; baseline -0.005 -8"><span class='ocrx_word' id='word_1_61' title='bbox 365 971 634 1010; x_wconf 83' lang='lat' dir='ltr'>Inluminatum</span> <span class='ocrx_word' id='word_1_62' title='bbox 663 969 722 1018; x_wconf 90' lang='lat'>(4)</span> <span class='ocrx_word' id='word_1_63' title='bbox 752 969 819 1007; x_wconf 92' lang='lat' dir='ltr'>hoc</span> <span class='ocrx_word' id='word_1_64' title='bbox 847 969 989 1007; x_wconf 79' lang='lat' dir='ltr'>eminus</span> 
     </span>
     <span class='ocr_line' id='line_1_20' title="bbox 313 1023 807 1072; baseline -0.008 -8"><span class='ocrx_word' id='word_1_65' title='bbox 313 1026 454 1064; x_wconf 79' lang='lat' dir='ltr'><strong>Recens</strong></span> <span class='ocrx_word' id='word_1_66' title='bbox 479 1024 591 1072; x_wconf 85' lang='lat' dir='ltr'>piatis</span> <span class='ocrx_word' id='word_1_67' title='bbox 618 1023 807 1068; x_wconf 82' lang='lat' dir='ltr'>fratribus,</span> 
     </span>
     <span class='ocr_line' id='line_1_21' title="bbox 312 1076 1277 1126; baseline -0.004 -10"><span class='ocrx_word' id='word_1_68' title='bbox 312 1078 503 1126; x_wconf 86' lang='lat' dir='ltr'>Baptisma</span> <span class='ocrx_word' id='word_1_69' title='bbox 530 1087 620 1125; x_wconf 88' lang='lat' dir='ltr'>quos</span> <span class='ocrx_word' id='word_1_70' title='bbox 647 1087 762 1123; x_wconf 86' lang='lat' dir='ltr'>nuper</span> <span class='ocrx_word' id='word_1_71' title='bbox 789 1076 915 1113; x_wconf 80' lang='lat' dir='ltr'>datum</span> <span class='ocrx_word' id='word_1_72' title='bbox 1201 1076 1277 1112; x_wconf 75' lang='lat'>375</span> 
     </span>
     <span class='ocr_line' id='line_1_22' title="bbox 314 1128 1012 1178; baseline -0.009 -7"><span class='ocrx_word' id='word_1_73' title='bbox 314 1131 450 1171; x_wconf 80' lang='lat' dir='ltr'>Christi</span> <span class='ocrx_word' id='word_1_74' title='bbox 476 1141 628 1178; x_wconf 85' lang='lat' dir='ltr'>capaces</span> <span class='ocrx_word' id='word_1_75' title='bbox 655 1128 802 1166; x_wconf 84' lang='lat' dir='ltr'>fecerat.</span> <span class='ocrx_word' id='word_1_76' title='bbox 1006 1148 1012 1154; x_wconf 94' lang='lat'><em>-</em></span> 
     </span>
     <span class='ocr_line' id='line_1_23' title="bbox 282 1192 852 1242; baseline -0.011 -6"><span class='ocrx_word' id='word_1_77' title='bbox 282 1192 285 1199; x_wconf 78' lang='lat'>&#39;</span> <span class='ocrx_word' id='word_1_78' title='bbox 365 1197 437 1235; x_wconf 87' lang='lat' dir='ltr'>Ast</span> <span class='ocrx_word' id='word_1_79' title='bbox 461 1194 654 1242; x_wconf 90' lang='lat' dir='ltr'>impiorum</span> <span class='ocrx_word' id='word_1_80' title='bbox 680 1193 852 1240; x_wconf 86' lang='lat' dir='ltr'>caecitas,</span> 
     </span>
     <span class='ocr_line' id='line_1_24' title="bbox 313 1247 804 1293; baseline -0.01 -4"><span class='ocrx_word' id='word_1_81' title='bbox 313 1250 364 1289; x_wconf 87' lang='lat' dir='ltr'>Os</span> <span class='ocrx_word' id='word_1_82' title='bbox 391 1249 544 1287; x_wconf 88' lang='lat' dir='ltr'>oblitum</span> <span class='ocrx_word' id='word_1_83' title='bbox 570 1247 689 1286; x_wconf 83' lang='lat' dir='ltr'>noctis</span> <span class='ocrx_word' id='word_1_84' title='bbox 716 1247 804 1293; x_wconf 88' lang='lat' dir='ltr'>situ,</span> 
     </span>
     <span class='ocr_line' id='line_1_25' title="bbox 312 1300 798 1350; baseline -0.006 -10"><span class='ocrx_word' id='word_1_85' title='bbox 312 1303 349 1341; x_wconf 90' lang='lat' dir='ltr'>N</span> <span class='ocrx_word' id='word_1_86' title='bbox 353 1303 496 1350; x_wconf 70' lang='lat' dir='ltr'>igrante</span> <span class='ocrx_word' id='word_1_87' title='bbox 523 1301 593 1339; x_wconf 86' lang='lat' dir='ltr'>sub</span> <span class='ocrx_word' id='word_1_88' title='bbox 618 1300 798 1338; x_wconf 85' lang='lat' dir='ltr'>velamine</span> 
     </span>
     <span class='ocr_line' id='line_1_26' title="bbox 311 1352 1280 1401; baseline -0.006 -6"><span class='ocrx_word' id='word_1_89' title='bbox 311 1356 492 1401; x_wconf 86' lang='lat' dir='ltr'>Obducta,</span> <span class='ocrx_word' id='word_1_90' title='bbox 523 1354 664 1392; x_wconf 87' lang='lat' dir='ltr'>clarum</span> <span class='ocrx_word' id='word_1_91' title='bbox 689 1364 764 1391; x_wconf 87' lang='lat' dir='ltr'>non</span> <span class='ocrx_word' id='word_1_92' title='bbox 791 1352 903 1391; x_wconf 85' lang='lat' dir='ltr'>videt.</span> <span class='ocrx_word' id='word_1_93' title='bbox 1202 1352 1280 1389; x_wconf 66' lang='lat'>330</span> 
     </span>
    </p>
   </div>
   <div class='ocr_carea' id='block_1_10' title="bbox 312 1418 982 1619">
    <p class='ocr_par' dir='ltr' id='par_1_10' title="bbox 312 1418 982 1619">
     <span class='ocr_line' id='line_1_27' title="bbox 365 1418 982 1469; baseline -0.006 -10"><span class='ocrx_word' id='word_1_94' title='bbox 365 1420 569 1469; x_wconf 85' lang='lat' dir='ltr'>Aegyptiae</span> <span class='ocrx_word' id='word_1_95' title='bbox 595 1419 727 1467; x_wconf 87' lang='lat' dir='ltr'>plagae</span> <span class='ocrx_word' id='word_1_96' title='bbox 754 1418 794 1456; x_wconf 92' lang='lat' dir='ltr'>in</span> <span class='ocrx_word' id='word_1_97' title='bbox 821 1418 982 1465; x_wconf 84' lang='lat' dir='ltr'>modum,</span> 
     </span>
     <span class='ocr_line' id='line_1_28' title="bbox 313 1472 937 1522; baseline -0.006 -10"><span class='ocrx_word' id='word_1_98' title='bbox 313 1475 412 1520; x_wconf 82' lang='lat' dir='ltr'>Quae</span> <span class='ocrx_word' id='word_1_99' title='bbox 440 1485 552 1522; x_wconf 88' lang='lat' dir='ltr'>quum</span> <span class='ocrx_word' id='word_1_100' title='bbox 578 1472 737 1510; x_wconf 87' lang='lat' dir='ltr'>tenebris</span> <span class='ocrx_word' id='word_1_101' title='bbox 763 1472 937 1509; x_wconf 84' lang='lat' dir='ltr'>barbaros</span> 
     </span>
     <span class='ocr_line' id='line_1_29' title="bbox 314 1524 860 1572; baseline -0.005 -7"><span class='ocrx_word' id='word_1_102' title='bbox 314 1528 528 1572; x_wconf 85' lang='lat' dir='ltr'>Damnaret,</span> <span class='ocrx_word' id='word_1_103' title='bbox 559 1525 736 1564; x_wconf 81' lang='lat' dir='ltr'>Hebraeis</span> <span class='ocrx_word' id='word_1_104' title='bbox 764 1524 860 1563; x_wconf 90' lang='lat' dir='ltr'>diem</span> 
     </span>
     <span class='ocr_line' id='line_1_30' title="bbox 312 1578 804 1619; baseline -0.004 -1"><span class='ocrx_word' id='word_1_105' title='bbox 312 1580 408 1619; x_wconf 87' lang='lat' dir='ltr'>Sudo</span> <span class='ocrx_word' id='word_1_106' title='bbox 435 1579 628 1617; x_wconf 81' lang='lat' dir='ltr'>exhibebat</span> <span class='ocrx_word' id='word_1_107' title='bbox 653 1578 804 1616; x_wconf 86' lang='lat' dir='ltr'>lumine.</span> 
     </span>
    </p>
   </div>
   <div class='ocr_carea' id='block_1_11' title="bbox 1203 799 1280 836">
    <p class='ocr_par' dir='ltr' id='par_1_11' title="bbox 1203 799 1280 836">
     <span class='ocr_line' id='line_1_31' title="bbox 1203 799 1226 836; textangle 90"><span class='ocrx_word' id='word_1_108' title='bbox 1203 799 1226 836; x_wconf 73' lang='lat'>02&gt;</span> 
     </span>
     <span class='ocr_line' id='line_1_32' title="bbox 1232 799 1280 836; textangle 90"><span class='ocrx_word' id='word_1_109' title='bbox 1232 799 1280 836; x_wconf 60' lang='grc' dir='ltr'>ΞΕ</span> 
     </span>
    </p>
   </div>
   <div class='ocr_carea' id='block_1_12' title="bbox 154 1718 1280 2155">
    <p class='ocr_par' dir='ltr' id='par_1_12' title="bbox 155 1718 1280 1814">
     <span class='ocr_line' id='line_1_33' title="bbox 216 1718 1280 1760; baseline -0.004 -8"><span class='ocrx_word' id='word_1_110' title='bbox 216 1721 262 1760; x_wconf 90' lang='grc'>(1)</span> <span class='ocrx_word' id='word_1_111' title='bbox 276 1721 416 1760; x_wconf 72' lang='lat' dir='ltr'>Leyifer.</span> <span class='ocrx_word' id='word_1_112' title='bbox 432 1720 553 1750; x_wconf 68' lang='lat' dir='ltr'>Moisae.</span> <span class='ocrx_word' id='word_1_113' title='bbox 569 1719 744 1756; x_wconf 86' lang='lat' dir='ltr'>Aligherius</span> <span class='ocrx_word' id='word_1_114' title='bbox 767 1718 906 1757; x_wconf 78' lang='lat' dir='ltr'>(Inferor.</span> <span class='ocrx_word' id='word_1_115' title='bbox 930 1718 983 1754; x_wconf 87' lang='lat' dir='ltr'>IV,</span> <span class='ocrx_word' id='word_1_116' title='bbox 1012 1719 1065 1757; x_wconf 82' lang='lat'>56)</span> <span class='ocrx_word' id='word_1_117' title='bbox 1083 1727 1150 1748; x_wconf 91' lang='lat' dir='ltr'>eum</span> <span class='ocrx_word' id='word_1_118' title='bbox 1166 1719 1280 1757; x_wconf 67' lang='lat' dir='ltr'>leqista</span> 
     </span>
     <span class='ocr_line' id='line_1_34' title="bbox 155 1767 598 1814; baseline -0.016 -11"><span class='ocrx_word' id='word_1_119' title='bbox 155 1767 354 1814; x_wconf 76' lang='grc' dir='ltr'>ὑπερκαλῶς</span> <span class='ocrx_word' id='word_1_120' title='bbox 379 1767 598 1798; x_wconf 79' lang='lat' dir='ltr'>denominavit.</span> 
     </span>
    </p>

    <p class='ocr_par' dir='ltr' id='par_1_13' title="bbox 154 1818 1279 1953">
     <span class='ocr_line' id='line_1_35' title="bbox 216 1818 1278 1860; baseline -0.004 -9"><span class='ocrx_word' id='word_1_121' title='bbox 216 1821 261 1860; x_wconf 86' lang='lat'>(2)</span> <span class='ocrx_word' id='word_1_122' title='bbox 283 1822 468 1860; x_wconf 79' lang='lat' dir='ltr'>impatiens.</span> <span class='ocrx_word' id='word_1_123' title='bbox 491 1821 573 1859; x_wconf 80' lang='lat' dir='ltr'>Quae</span> <span class='ocrx_word' id='word_1_124' title='bbox 604 1819 672 1858; x_wconf 78' lang='lat' dir='ltr'>pati</span> <span class='ocrx_word' id='word_1_125' title='bbox 703 1820 736 1849; x_wconf 84' lang='lat' dir='ltr'>et</span> <span class='ocrx_word' id='word_1_126' title='bbox 757 1818 834 1849; x_wconf 83' lang='lat' dir='ltr'>ferre</span> <span class='ocrx_word' id='word_1_127' title='bbox 865 1819 973 1856; x_wconf 84' lang='lat' dir='ltr'>nequit</span> <span class='ocrx_word' id='word_1_128' title='bbox 1006 1818 1112 1848; x_wconf 84' lang='lat' dir='ltr'>Moisis</span> <span class='ocrx_word' id='word_1_129' title='bbox 1145 1818 1278 1853; x_wconf 81' lang='lat' dir='ltr'>vultum,</span> 
     </span>
     <span class='ocr_line' id='line_1_36' title="bbox 155 1864 1279 1908; baseline -0.005 -8"><span class='ocrx_word' id='word_1_130' title='bbox 155 1871 279 1908; x_wconf 87' lang='lat' dir='ltr'>propter</span> <span class='ocrx_word' id='word_1_131' title='bbox 302 1868 486 1906; x_wconf 83' lang='lat' dir='ltr'>colloquium</span> <span class='ocrx_word' id='word_1_132' title='bbox 518 1876 586 1897; x_wconf 88' lang='lat' dir='ltr'>cum</span> <span class='ocrx_word' id='word_1_133' title='bbox 617 1867 679 1897; x_wconf 88' lang='lat' dir='ltr'>Deo</span> <span class='ocrx_word' id='word_1_134' title='bbox 711 1865 866 1902; x_wconf 85' lang='lat' dir='ltr'>habitum,</span> <span class='ocrx_word' id='word_1_135' title='bbox 890 1865 1095 1902; x_wconf 80' lang='lat' dir='ltr'>effulgentem.</span> <span class='ocrx_word' id='word_1_136' title='bbox 1118 1864 1157 1896; x_wconf 85' lang='lat' dir='ltr'>V.</span> <span class='ocrx_word' id='word_1_137' title='bbox 1174 1865 1279 1895; x_wconf 70' lang='lat' dir='ltr'>Exod.</span> 
     </span>
     <span class='ocr_line' id='line_1_37' title="bbox 154 1915 1030 1953; baseline -0.006 -6"><span class='ocrx_word' id='word_1_138' title='bbox 154 1915 300 1953; x_wconf 85' lang='lat' dir='ltr'>XXXIV,</span> <span class='ocrx_word' id='word_1_139' title='bbox 321 1916 374 1946; x_wconf 84' lang='lat'>29.</span> <span class='ocrx_word' id='word_1_140' title='bbox 1026 1922 1030 1923; x_wconf 47' lang='lat'><em>⁷</em></span> 
     </span>
    </p>

    <p class='ocr_par' dir='ltr' id='par_1_14' title="bbox 216 1965 1010 2008">
     <span class='ocr_line' id='line_1_38' title="bbox 216 1965 1010 2008; baseline -0.008 -7"><span class='ocrx_word' id='word_1_141' title='bbox 216 1969 262 2008; x_wconf 83' lang='lat'>(3)</span> <span class='ocrx_word' id='word_1_142' title='bbox 283 1968 480 2008; x_wconf 76' lang='lat' dir='ltr'>Stephanus,</span> <span class='ocrx_word' id='word_1_143' title='bbox 503 1967 554 2004; x_wconf 84' lang='lat' dir='ltr'>qui</span> <span class='ocrx_word' id='word_1_144' title='bbox 576 1967 717 2005; x_wconf 88' lang='lat' dir='ltr'>princeps</span> <span class='ocrx_word' id='word_1_145' title='bbox 740 1966 914 2004; x_wconf 76' lang='lat' dir='ltr'>Martyrum</span> <span class='ocrx_word' id='word_1_146' title='bbox 938 1965 1010 1996; x_wconf 86' lang='lat' dir='ltr'>suit.</span> 
     </span>
    </p>

    <p class='ocr_par' dir='ltr' id='par_1_15' title="bbox 154 2018 1279 2155">
     <span class='ocr_line' id='line_1_39' title="bbox 216 2018 1279 2061; baseline -0.005 -8"><span class='ocrx_word' id='word_1_147' title='bbox 216 2022 262 2061; x_wconf 85' lang='lat'>(4)</span> <span class='ocrx_word' id='word_1_148' title='bbox 282 2022 539 2053; x_wconf 79' lang='lat' dir='ltr'>Inluminatum.</span> <span class='ocrx_word' id='word_1_149' title='bbox 561 2021 605 2050; x_wconf 90' lang='lat' dir='ltr'>Tu</span> <span class='ocrx_word' id='word_1_150' title='bbox 633 2028 717 2056; x_wconf 72' lang='lat' dir='ltr'>vero,</span> <span class='ocrx_word' id='word_1_151' title='bbox 739 2019 854 2055; x_wconf 73' lang='lat' dir='ltr'>lector,</span> <span class='ocrx_word' id='word_1_152' title='bbox 877 2027 936 2049; x_wconf 90' lang='lat' dir='ltr'>nou</span> <span class='ocrx_word' id='word_1_153' title='bbox 969 2018 1032 2048; x_wconf 86' lang='lat' dir='ltr'>iam</span> <span class='ocrx_word' id='word_1_154' title='bbox 1053 2027 1121 2048; x_wconf 86' lang='lat' dir='ltr'>cum</span> <span class='ocrx_word' id='word_1_155' title='bbox 1153 2018 1279 2049; x_wconf 74' lang='lat' dir='ltr'>Cellario</span> 
     </span>
     <span class='ocr_line' id='line_1_40' title="bbox 155 2066 1267 2105; baseline -0.004 -5"><span class='ocrx_word' id='word_1_156' title='bbox 155 2069 269 2100; x_wconf 78' lang='lat' dir='ltr'>referas</span> <span class='ocrx_word' id='word_1_157' title='bbox 289 2068 328 2099; x_wconf 81' lang='lat' dir='ltr'>ad</span> <span class='ocrx_word' id='word_1_158' title='bbox 349 2068 478 2104; x_wconf 73' lang='lat' dir='ltr'>caelum,</span> <span class='ocrx_word' id='word_1_159' title='bbox 503 2067 581 2105; x_wconf 89' lang='lat' dir='ltr'>quod</span> <span class='ocrx_word' id='word_1_160' title='bbox 603 2066 758 2105; x_wconf 83' lang='lat' dir='ltr'>Stephano</span> <span class='ocrx_word' id='word_1_161' title='bbox 773 2066 1017 2102; x_wconf 82' lang='lat' dir='ltr'>christianisque</span> <span class='ocrx_word' id='word_1_162' title='bbox 1038 2066 1208 2096; x_wconf 83' lang='lat' dir='ltr'>reseratum</span> <span class='ocrx_word' id='word_1_163' title='bbox 1228 2074 1267 2104; x_wconf 77' lang='lat' dir='ltr'>ap</span> 
     </span>
     <span class='ocr_line' id='line_1_41' title="bbox 154 2112 1144 2155; baseline -0.005 -8"><span class='ocrx_word' id='word_1_164' title='bbox 154 2116 272 2155; x_wconf 80' lang='lat' dir='ltr'>paruit,</span> <span class='ocrx_word' id='word_1_165' title='bbox 293 2115 346 2147; x_wconf 86' lang='lat' dir='ltr'>sed</span> <span class='ocrx_word' id='word_1_166' title='bbox 367 2116 405 2146; x_wconf 82' lang='lat' dir='ltr'>ad</span> <span class='ocrx_word' id='word_1_167' title='bbox 426 2114 588 2146; x_wconf 82' lang='lat' dir='ltr'>Laurentii</span> <span class='ocrx_word' id='word_1_168' title='bbox 609 2114 730 2145; x_wconf 85' lang='lat' dir='ltr'>vultum</span> <span class='ocrx_word' id='word_1_169' title='bbox 752 2114 833 2144; x_wconf 82' lang='lat' dir='ltr'>mira.</span> <span class='ocrx_word' id='word_1_170' title='bbox 852 2113 919 2144; x_wconf 85' lang='lat' dir='ltr'>luce</span> <span class='ocrx_word' id='word_1_171' title='bbox 941 2112 1144 2143; x_wconf 77' lang='lat' dir='ltr'>illustratum.</span> 
     </span>
    </p>
   </div>
  </div>
 </body>
</html>
