1502 2537
391 20 438 44 ..Σ
482 0 695 39 ςξφπνϊ
741 0 750 4 ·

465 147 748 176 οΔΤυεωιΝοΝ
779 150 929 176 unnws
958 150 992 176 xi
1243 142 1296 178 03

380 264 546 312 Stragem
575 265 637 303 sed
665 265 773 303 istam
802 276 875 302 non
894 264 981 301 tulit

328 317 496 355 Christus
524 318 716 356 cadentum
746 318 910 366 gentium

328 370 508 417 Impune;
540 383 584 408 ne
614 371 735 409 forsan
765 371 822 409 sui

328 423 449 460 Patris
479 425 609 470 periret
637 424 789 468 fabrica,

381 477 533 514 Mortale
561 489 690 524 corpus
719 477 852 523 induit,
1247 479 1295 514 45

328 529 392 573 Ut,
422 530 577 568 excitato
605 541 764 577 corpore,

328 582 456 620 Mortis
484 586 650 620 catenam
669 583 870 630 frangeret,

326 634 588 683 Hominemque
618 638 777 683 portaret
806 636 921 673 Patri.

381 688 451 726 1110
480 689 540 725 ille
568 689 704 726 natalis
725 689 816 734 dies,

326 741 403 786 Quo
431 743 465 778 to
493 744 632 779 creator
659 742 794 779 arduus
1248 743 1296 780 50

328 794 502 841 Spiravit,
533 797 570 832 et
596 795 682 832 limo
712 795 860 840 indidit,

328 847 496 884 Sermone
525 848 583 895 (1)
613 859 759 885 carnem
787 848 994 895 glutinans.

379 900 561 946 Sentisne,
592 901 706 948 Virgo
735 901 868 938 nobilis
898 902 971 948 (2),

327 953 473 990 Matura
501 965 563 1000 per
592 953 740 991 fastidia

327 1005 480 1044 Pudoris
508 1006 687 1044 intactum
715 1007 822 1044 decus
1248 1010 1296 1044 55

331 1058 479 1096 Honore
506 1062 634 1106 partus
661 1061 846 1097 crescere?

383 1111 413 1150 Ο
443 1114 583 1160 quanta
611 1124 731 1150 rerum
760 1112 898 1159 gaudia

327 1164 446 1203 Alvus
474 1165 609 1212 pudica
637 1161 822 1203 continet!

326 1219 382 1255 Ex
411 1229 484 1265 qua
512 1218 696 1256 novellum
725 1218 909 1256 saeculum

0 1266 13 1323 ξ
328 1271 509 1317 Procedit,
541 1273 576 1309 et
603 1271 665 1309 lux
694 1283 816 1310 aurea.
1246 1273 1295 1309 GO

381 1324 539 1371 Vagitus
567 1324 628 1361 ille
657 1325 841 1362 exordium

327 1377 528 1414 Vernantis
557 1377 653 1415 orbis
682 1377 864 1424 prodidit;

328 1430 426 1467 Nam
453 1432 545 1467 tunc
572 1431 722 1467 renatus
751 1431 936 1468 sordidum

325 1483 486 1520 Mundus
515 1484 704 1520 veternum
734 1483 874 1530 depulit
903 1484 976 1531 (3).

167 1623 275 1653 simam
300 1622 539 1660 profunditatem
562 1622 730 1660 depressus,
755 1631 813 1659 quo
835 1624 918 1653 noxii
942 1623 979 1652 ad
1004 1625 1131 1654 mortem
1155 1625 1292 1655 damnati

168 1665 350 1703 praecipites
371 1664 606 1693 deiiciebantur.
630 1664 708 1693 Hinc
732 1664 880 1702 profunda
904 1673 1023 1701 vorago.

230 1718 274 1755 (1)
298 1717 445 1746 Sermone
466 1726 595 1746 carnem
615 1717 801 1755 ylutinans.
826 1728 842 1744 «
869 1717 982 1747 Uniens
1005 1727 1125 1748 carnem
1155 1728 1222 1748 cum
1245 1728 1293 1749 ac-

167 1761 255 1788 terna
277 1758 350 1787 Filii
365 1758 411 1787 sui
428 1758 559 1787 Persona
581 1762 627 1802 τῷ
654 1757 757 1803 λόγῳ,
785 1769 802 1786 »
825 1759 956 1789 Germa.
976 1759 1011 1789 V.
1034 1759 1160 1793 Ἀποθ.
1184 1762 1293 1791 35-54.

230 1811 274 1850 (2)
298 1813 405 1842 Sentis
420 1821 457 1841 ne
471 1813 532 1841 etc.
548 1812 670 1841 Poetico
685 1811 819 1846 «lictum
837 1818 1004 1849 opportune
1025 1813 1106 1842 enim
1128 1813 1294 1843 Finmcivs

166 1853 217 1883 hic
238 1853 436 1882 mirabundus
459 1853 522 1882 ait:
541 1864 557 1880 «
573 1853 706 1882 minime
726 1854 847 1882 sentis!
864 1853 976 1890 quippe
992 1853 1146 1890 Virginem
1163 1854 1291 1884 Mariam

147 1895 280 1934 .putant
305 1894 360 1925 SS.
385 1894 537 1924 Ecclesiae
564 1894 671 1923 Patres
697 1894 735 1923 iis
758 1895 957 1924 incommodis
989 1903 1048 1924 non
1080 1893 1173 1925 fuisse
1203 1897 1290 1925 obno-

166 1936 264 1972 xiam,
287 1936 397 1972 quibus
412 1935 555 1970 feminae,
574 1937 708 1964 ventrem
720 1939 871 1972 gerentes.
883 1935 1021 1965 laborare
1031 1938 1249 1966 consueverint
1263 1948 1290 1966 ».

230 1987 275 2026 (3)
298 1988 446 2018 Mundus
468 1991 631 2017 veternum
653 1988 788 2025 depulit.
814 1988 848 2017 V.
873 1988 904 2018 S.
928 1988 1060 2018 ΡΛηιπ.
1084 1988 1160 2018 Not..
1178 1991 1210 2018 in
1232 1989 1291 2018 Na-

167 2029 308 2065 tivitate‚
330 2029 365 2060 S.
387 2029 508 2059 Fericrs
529 2029 630 2059 Carm.
654 2028 715 2059 XII
727 2051 736 2065 ,
759 2029 799 2059 48
815 2052 822 2064 ,
845 2031 878 2060 et
899 2029 996 2060 Am.
1028 2029 1237 2061 huzonim:
1270 2038 1291 2068 1

166 2070 299 2107 Natale,
320 2079 351 2100 v.
374 2070 414 2102 36
435 2073 468 2101 et
488 2078 572 2107 seqq.
