1450 2537
221 165 295 204 170
595 174 744 203 AvnELn
773 173 970 201 rnvnssnrn

218 291 378 329 Tandem
398 289 574 327 luctantis
593 289 787 327 miseratus
806 288 853 326 ab
871 288 1014 326 aethere
1035 287 1216 334 Christus,
1290 289 1340 326 85

272 344 378 380 Iubet
404 342 537 380 resolvi
563 342 719 389 pectoris
746 341 949 389 ligamina;

218 396 461 442 Difficilesque
489 405 609 432 moras
637 395 796 440 animae,
827 405 870 431 ac
896 394 1100 432 retinacula
1128 394 1225 432 vitae

269 449 436 493 Relaxat,
468 449 569 485 artas
597 449 632 484 et
658 447 819 485 latebras
847 447 1004 494 expedit.

216 501 375 547 Sanguis
403 501 449 538 ab
477 500 620 538 interno
648 512 822 537 venarum
852 500 949 537 fonte
977 501 1143 547 patentes

269 554 358 592 Vias
387 555 546 598 secutus,
578 553 711 590 deserit
737 553 971 600 praecordia,
1292 554 1340 591 90

216 608 352 654 Totque
381 606 621 643 foraminibus
649 606 831 653 penetrati
859 606 1018 653 corporis
1047 606 1121 643 exit

269 660 459 697 Fibrarum
488 659 668 696 anhelans
696 659 757 696 ille
785 659 910 697 vitalis
938 659 1048 697 calor.

216 713 317 749 llaec
346 714 446 758 sunt,
478 723 570 758 qnae
597 711 748 759 liquidis
776 724 945 759 expressa
972 712 1166 759 coloribus,
1194 713 1340 760 hosp‹=S,

269 765 438 802 Miraris:
470 765 543 802 ista
570 766 626 802 ost
655 765 822 803 CASSIANI
850 765 982 812 gloria.
1027 792 1039 806 .

215 820 389 865 Suggere,
408 818 439 855 si
460 818 554 865 quod
574 818 686 855 habes
705 817 842 856 iustum
861 818 917 856 vel
938 818 1093 855 amabile
1112 820 1250 865 votum,
1278 818 1338 868 (1)

269 873 356 917 Spes
384 871 415 908 si
443 882 515 918 qua
542 870 611 908 tibi
639 872 707 915 est,
739 871 771 909 si
800 871 888 919 quid
915 871 1017 909 intus
1045 873 1207 909 aestuas.

217 925 345 969 Audit,
377 924 494 970 crede,
524 935 648 970 preces
675 925 817 972 Martyr
844 925 1110 972 prosperrimus
1139 936 1278 971 omnes,

269 979 453 1024 Ratasque
481 977 613 1023 reddit,
645 988 737 1025 quas
764 977 864 1015 videt
890 978 1109 1024 probabiles.
1133 990 1155 1013 ›>
1188 999 1236 1006 —

217 1032 345 1075 Pareo,
367 1030 583 1076 complector
601 1030 796 1077 tumulum,
818 1031 989 1068 lacrimas
1009 1042 1149 1078 quoque
1168 1031 1296 1076 fundo,

269 1083 377 1121 Altar
407 1083 464 1131 (2)
494 1083 646 1130 tepescit
673 1095 746 1130 ore,
777 1095 904 1122 saxum
933 1086 1087 1130 pectore.
1267 1083 1342 1121 100

216 1137 318 1174 Tunc
346 1148 482 1173 arcana
510 1136 579 1173 mei
607 1148 798 1183 percenseo
827 1139 959 1175 cuncta
985 1137 1143 1175 laboris:

268 1190 370 1226 Tunc
398 1189 492 1236 quod
519 1190 699 1236 petebam,
730 1190 826 1237 quod
851 1190 1025 1227 timebam
1051 1201 1259 1235 murmur0;

216 1242 265 1279 Et
292 1243 373 1289 post
398 1243 503 1290 terga
531 1243 677 1280 domum
704 1243 815 1280 dubia
843 1244 910 1280 sub
939 1244 1032 1281 sorte
1058 1243 1238 1290 relictam,

269 1295 318 1332 Et
345 1307 446 1342 spem
473 1295 587 1333 futuri
616 1297 709 1333 sorte
738 1298 929 1334 nutantem
957 1296 1056 1334 boni.

218 1348 357 1385 Audior
373 1348 446 1397 (3),
464 1349 591 1386 urbem
606 1349 709 1394 ade03
733 1349 870 1387 dextris
890 1349 1118 1387 successibus
1136 1350 1242 1387 utor:
1267 1348 1341 1386 105

271 1402 426 1438 Domum
452 1403 625 1449 revertor,
658 1403 867 1440 CAssvaM
895 1402 1076 1450 praedico.

259 1531 302 1567 (1)
326 1532 480 1568 Sugsqere,
504 1531 623 1569 profer,
645 1541 775 1570 expone:
801 1533 833 1562 in
862 1533 994 1562 mentem
1011 1540 1136 1568 revoca;
1161 1531 1238 1561 unde
1260 1531 1344 1568 itali,

217 1573 392 1609 sussum-ire.
419 1572 466 1610 (V.
491 1573 560 1603 Gxo.
584 1574 723 1609 Romm,
749 1575 862 1604 Sinon.
880 1574 1054 1610 Italiam).

261 1625 304 1661 (2)
328 1625 440 1663 Altar,
463 1636 515 1664 pro
539 1628 650 1664 alta-re,
671 1637 730 1657 vox
752 1628 800 1657 est
820 1627 987 1657 Prudentio
1010 1626 1091 1655 haud
1113 1625 1288 1662 infrequens
1302 1625 1339 1657 V.

219 1665 302 1710 Περὶ
329 1665 426 1710 Στειρ.
450 1671 483 1700 S.
506 1670 595 1699 Vivzc.
619 1669 660 1702 Π,
679 1670 757 1708 5155
782 1670 814 1698 el:
835 1669 879 1698 ibi
901 1668 1014 1699 Eulal.
1039 1667 1097 1704 IX,
1119 1668 1175 1697 sub
1196 1667 1263 1706 fin.,
1281 1669 1342 1698 etc.

262 1726 304 1763 (³3)
329 1726 466 1759 Aaclior,
491 1725 551 1754 etc.
575 1723 753 1759 Exaudior,
776 1723 856 1752 locus
879 1722 1018 1760 precibus
1051 1721 1127 1750 meis
1159 1720 1262 1750 datur.
1285 1720 1344 1750 No-

218 1772 281 1796 ster
302 1768 382 1796 enim
407 1767 445 1796 ab
465 1766 653 1802 Imperatore
674 1764 818 1799 Honorio,
842 1772 918 1800 quae
940 1771 1129 1799 summopere
1143 1763 1346 1799 exoptaverat

220 1809 413 1844 impetrarim
439 1817 474 1837 ac
497 1808 631 1843 domum,
656 1807 717 1836 voti
747 1815 823 1842 reus,
847 1814 997 1841 reversus,
1014 1804 1192 1834 Cassianum
1209 1803 1345 1832 versibus

218 1849 362 1882 celebrat,
