1502 2537
336 169 443 205 ΠΕΡΙ
473 168 727 204 ΣῚῈΦΑΝΩΝ
759 176 909 203 ιιΥΜΝνε
935 176 958 204 x
1134 164 1179 202 17

1175 167 1205 241 ic*

244 291 419 330 Adstanti
447 291 492 329 ob
518 302 582 330 ora
608 290 661 329 sic
688 291 868 340 tyrannus
895 290 1046 338 incipit:

196 367 241 372 —
273 359 295 381 «
325 345 467 383 Infame
496 347 712 390 monstrum,
742 344 841 390 vilis,
872 343 1106 387 intestabilis,
1130 343 1189 390 (1)

192 399 248 436 'ru
274 398 471 436 ventilator
499 398 558 446 (2)
587 398 702 443 urbis,
732 398 769 434 et
795 397 898 443 vulgi
924 397 1015 434 levis

195 451 370 497 Procella,
401 453 540 489 mentes
567 450 750 498 inquietas
778 450 942 495 mobiles,

196 505 251 542 Ne
279 516 317 542 se
344 504 513 552 imperita
538 503 646 541 turba
674 503 783 541 dedat
807 503 964 551 legibus.
1159 502 1208 538 80

248 557 426 604 Populare
454 556 627 605 quiddam
655 557 724 594 sub
750 555 867 594 colore
895 556 1032 604 gloriae

196 610 406 648 Inlittcrata
432 610 586 648 credidit
612 609 831 657 frequentia,

197 664 246 701 Ut
273 675 310 701 se
338 675 400 710 per
427 674 555 700 aevum
582 662 845 700 consecrandos
873 662 1076 706 autument,

196 716 234 753 Si
260 715 356 753 bella
384 716 493 762 divis,
524 727 589 753 ceu
616 715 788 763 gigantes
817 715 892 764 (3),
922 714 1096 760 inferant,

197 768 364 816 victique
392 769 550 806 flammis
577 768 778 806 obruantur
805 767 997 806 montium.
1161 769 1210 803 55

251 822 329 859 1100
359 824 398 860 tu
425 821 576 869 parasti,
606 821 759 868 perdite,
790 821 1036 868 spectaculum

198 874 322 914 Cladis
349 876 518 912 cruentae
546 875 588 911 de
617 873 792 912 necandis
818 873 973 919 civibus,

197 929 294 974 Quos
320 930 361 965 ut
388 927 559 975 profanos
588 926 663 976 (4),
694 926 838 974 impiati
864 928 900 964 et
927 926 1063 964 saeculi

200 983 308 1026 Reos,
338 992 482 1018 necesse
509 982 566 1018 est
591 982 627 1017 te
654 980 832 1028 magistro
858 979 1039 1018 interfici:

198 1035 253 1072 'Pu
279 1045 410 1071 caussa
436 1033 583 1078 mortis,
612 1034 655 1070 tu
681 1032 860 1071 malorum
887 1033 1053 1080 signifer.
1163 1034 1212 1069 90

250 1087 300 1124 Ni
319 1086 440 1132 fallor,
457 1097 613 1134 aequum
627 1087 696 1132 est,
711 1087 754 1123 ut
772 1085 868 1133 quod
885 1088 1012 1123 auctor
1031 1087 1214 1133 improbus

198 1139 365 1177 Tolerare
391 1139 526 1176 multos
552 1137 774 1186 compulisti,
804 1138 966 1176 carnifex

149 1234 156 1240 ,
199 1193 246 1230 In
273 1194 309 1229 te
335 1193 516 1236 recurrat;
547 1203 682 1239 proque
707 1191 824 1229 tantis
851 1192 1038 1237 caedibus,

199 1245 298 1290 Quae
326 1256 408 1282 mox
433 1244 592 1290 futurae,
621 1244 760 1292 primus
787 1244 936 1282 exitium
963 1245 1067 1289 luas3

200 1299 312 1336 Feras
338 1300 375 1335 et
401 1297 478 1345 ipse
505 1298 601 1345 quod
627 1297 815 1335 ferendum
842 1309 1024 1335 suaseras.
1048 1311 1069 1332 »
1097 1320 1147 1325 —-
1167 1299 1215 1335 95

253 1351 325 1389 His
351 1351 413 1388 ille
440 1358 567 1388 contra
592 1351 713 1388 reddit
739 1361 797 1388 ore
823 1350 958 1389 libero:

203 1426 255 1432 —
275 1417 298 1440 «
317 1403 538 1451 Amplector,
568 1414 588 1441 ο
617 1403 816 1450 Praefecte,
846 1415 914 1441 nec
942 1416 997 1442 nic
1026 1404 1216 1450 subtraho,

202 1458 253 1495 Ut
279 1468 344 1504 pro
371 1457 471 1494 fideli
498 1456 603 1503 plebe
631 1457 730 1494 solus
758 1456 935 1502 immoler,

203 1510 351 1558 Dignus
379 1509 499 1547 subire
527 1511 673 1555 cuncta,
705 1509 736 1547 si
764 1521 819 1546 me
847 1509 1023 1555 consulis,

203 1563 455 1610 Quaecumque
483 1563 604 1600 vestra
632 1562 779 1600 iusserit
805 1562 1014 1600 crudelitas.
1146 1562 1219 1599 100

161 1650 207 1688 (1)
227 1650 433 1681 intestabilis.
456 1650 491 1679 In
513 1649 574 1680 XII
594 1650 735 1680 Tabulis:
761 1660 777 1677 α
802 1650 954 1687 improbus
977 1651 1221 1686 intestabilisque

99 1694 176 1723 δίο.
195 1701 224 1725 »ς
239 1693 366 1727 eratque
381 1692 428 1720 ita
441 1691 554 1726 dictus,
567 1692 617 1727 qui
631 1691 695 1727 lege
711 1691 800 1721 testis
812 1700 876 1721 esse
890 1692 1042 1728 nequii-ot.
1056 1692 1091 1721 V.
1106 1692 1220 1728 CAu'M,

99 1734 224 1771 Diyest.
247 1732 393 1767 xxvm,
419 1732 448 1768 1,
471 1733 522 1763 26.
545 1732 664 1762 Transi.
689 1732 826 1768 insaniis,
847 1733 1050 1762 detestabilis.

163 1774 208 1810 (2)
231 1774 414 1809 ventilator,
438 1774 490 1809 qui
512 1775 582 1811 post
602 1774 748 1803 trituram
768 1773 923 1810 legumina
955 1773 1168 1810 frumentaque
1190 1774 1222 1803 in

99 1815 232 1846 sublime
252 1814 424 1845 ventilabro
445 1814 611 1849 iaculatur.
635 1823 693 1851 quo
714 1817 872 1844 ventorum
887 1816 962 1845 flatu
984 1824 1080 1851 grana
1096 1824 1114 1845 a
1129 1815 1223 1853 paleis

99 1858 308 1887 secernantur.
331 1855 448 1887 Transl.
473 1856 586 1885 civium
609 1856 791 1891 concitator,
816 1856 910 1893 plebis
934 1856 1088 1893 impulsor.

163 1898 209 1934 (3)
231 1907 287 1926 ceu
305 1898 465 1935 yiqantae.
490 1897 577 1926 Trita
599 1899 646 1926 est
668 1897 772 1926 sabula
794 1897 830 1926 de
852 1898 1037 1933 Gigantibus
1058 1897 1168 1927 bellum
1193 1898 1224 1926 in

101 1939 203 1970 Iovem
235 1938 433 1968 facientibus.
458 1938 535 1973 Est,
570 1939 656 1967 nobis
690 1939 958 1974 Gigantomachia.
982 1939 1016 1969 C.
1050 1938 1224 1975 Claudiani,

102 1979 240 2016 aequalis
260 1979 323 2009 fere
337 1979 510 2014 Prudentii,
535 1988 612 2015 quae
634 1982 738 2009 tamen
759 1979 798 2009 ad
812 1979 901 2010 finem
925 1988 983 2009 non
1005 1980 1166 2017 pertingit.

165 2020 211 2059 (4)
227 2021 398 2060 profanos.
423 2021 457 2050 In
486 2021 658 2050 universum
687 2020 830 2058 profanus
843 2025 893 2051 est
922 2029 1010 2051 sacro
1038 2021 1223 2052 contrarius.

102 2060 141 2092 V.
164 2061 240 2093 Hor.
262 2061 320 2099 Ep.
344 2062 384 2091 ad
405 2062 469 2092 Pis.
493 2062 565 2093 397.
589 2061 652 2092 Hoc
685 2062 788 2092 autem
821 2062 950 2092 crimine
971 2062 1010 2092 ad
1041 2062 1158 2092 iudices
1179 2062 1224 2092 rei

104 2101 319 2133 delerebautur
339 2102 521 2134 Christiani.
