1502 2537
0 1991 23 2079 J}-

0 2086 23 2156 ἒ

0 2175 18 2205 ὃ

5 2370 25 2397 ’.Ἴ
4 2300 26 2363 ’,ζ

451 193 734 222 cunfflmmou
763 193 914 220 nnmvs
943 194 980 221 vi
1229 184 1279 222 35

362 301 435 340 Hic
462 302 678 350 praepotens
705 300 846 339 cruenti

309 355 518 393 Exstinctor
546 354 780 400 Antichristi,

291 407 379 454 -Qui
406 408 449 446 de
477 408 618 446 furente
646 409 807 446 monstro

310 461 507 499 Pulchrum
536 460 645 498 refert
671 462 872 508 tropaeum.

361 514 476 560 Quam
504 514 658 552 bestiam
687 525 854 561 rapacem
884 514 959 563 (1),
1202 515 1275 553 105

310 567 536 616 Populosque
565 567 813 613 devorantem,

307 622 425 666 Quam
451 620 646 668 sanguinis
673 620 881 669 Charybdin

308 675 466 712 Ioannes
494 675 699 711 exsecratur
729 675 801 721 (2).

360 727 462 765 Haec
489 738 631 774 nempe,
663 738 754 774 quae
783 728 966 764 sacratum

309 779 493 818 Praeferre
521 790 652 817 nomen
681 791 771 817 ausa
800 783 868 826 est,
1201 780 1276 819 110

306 834 425 871 Imam
450 832 543 880 petit
568 832 774 880 gehennam
789 863 797 879 ‚

307 886 451 925 Christo
478 887 664 933 perempta
691 896 788 924 vero.

358 938 440 977 Tali
467 949 592 986 sopore
620 938 738 976 iustus

306 993 467 1030 Mentem
495 991 634 1029 relaxat
661 991 781 1038 heros,

305 1046 356 1083 Ut
382 1045 514 1093 spiritu
541 1045 668 1093 sagaci
1201 1045 1275 1084 115

307 1098 455 1137 Caelum
482 1099 651 1146 peragret
678 1109 795 1136 omne.
1140 1102 1143 1103 ⁷

359 1151 439 1190 Nos
466 1151 521 1188 nil
547 1162 725 1188 meremur
752 1151 894 1198 horum,

304 1205 401 1250 Quos
429 1204 550 1242 creber
578 1204 704 1251 implet
731 1215 842 1252 error,

276 1255 280 1258 ’
306 1259 481 1296 Concreta
508 1268 598 1305 quos
625 1257 805 1295 malarum

305 1311 423 1350 Vitiat
449 1310 580 1358 cupido
605 1322 740 1348 rerum.
1201 1312 1274 1350 120

357 1365 422 1402 Sat
447 1366 504 1402 est
530 1363 649 1412 quiete
678 1363 778 1414 dulci·

305 1418 456 1456 Fessum
484 1415 603 1455 fovere
631 1427 785 1464 corpus:

305 1471 383 1516 Sat,
414 1470 446 1508 si
474 1469 569 1507 nihil
596 1469 787 1512 sinistrum

304 1523 432 1561 Vanae
460 1523 644 1561 minentur
670 1523 834 1562 umbrae.

359 1576 482 1614 Cultor
510 1576 592 1622 Dei,
623 1577 802 1615 memento
1198 1576 1273 1614 125

305 1629 354 1667 Te
382 1628 494 1667 fontis
522 1630 558 1666 et
583 1628 722 1667 lavacri

210 1733 255 1773 (1)
271 1734 413 1764 bestiam.
436 1734 540 1764 Talem
554 1733 686 1764 bestiam
701 1743 863 1773 rapacem,
881 1734 926 1765 vel
941 1736 988 1766 uti
1005 1736 1129 1774 quidam
1142 1736 1272 1773 malunt,

145 1791 304 1820 capacem,
313 1782 432 1818 qualem
444 1781 628 1812 Prudentius
643 1781 802 1819 describit,
814 1783 901 1812 nobis
911 1784 1120 1821 repraesentat
1135 1783 1166 1814 S.
1182 1783 1272 1814 IoAn.

146 1828 179 1858 in
199 1830 297 1867 Apoc.
320 1829 394 1859 qu.

210 1881 255 1920 (2)
278 1882 429 1912 Ioannes.
446 1881 490 1912 Ut
512 1881 643 1911 nominis
666 1881 808 1912 ultimam
829 1882 977 1920 syllabam
999 1884 1148 1922 corripiat
1161 1884 1272 1915 Hzms.

146 1936 163 1958 e
190 1927 327 1958 Puteano
354 1928 420 1958 cod.
450 1929 560 1959 scribit
585 1929 733 1959 Ioannis.
763 1929 936 1960 Cettnuvs
950 1930 1107 1960 Hssmswm
1121 1931 1272 1968 sequitur.

146 1973 203 2005 Sed
214 1974 359 2011 quinque,
370 1974 453 2011 iique
466 1975 678 2013 probatissimi
691 1975 778 2006 codd.
792 1975 912 2006 Vaticc.
925 1977 1011 2006 nobis
1023 1977 1168 2008 exhibent
1178 1979 1273 2008 Ioan-

146 2021 272 2057 nes,qui
284 2029 373 2051 casus
383 2023 485 2052 rectus
495 2024 554 2057 est,
563 2030 651 2058 quem
663 2022 811 2058 volumus,
819 2031 915 2059 neque
923 2025 1032 2060 metro,
1041 2025 1096 2054 aut
1106 2033 1162 2061 ego
1174 2024 1273 2061 fallor,

148 2069 308 2106 repugnat.
322 2068 359 2099 V.
375 2068 460 2099 Edit.
477 2069 663 2100 Giselianam
678 2069 807 2102 Parisiis
832 2070 912 2109 apud
935 2071 1061 2102 Hieron.
1078 2071 1120 2102 De
1142 2071 1272 2103 Marnef.

147 2114 336 2155 publicatam
357 2124 409 2147 an.
434 2116 526 2148 1562.
