1502 2537
491 15 493 17 ,
530 0 707 22 ’'rut-11⁷⁷?
737 5 744 14 ι

452 164 736 193 cArnnunmuoN
764 163 915 192 munvs
942 165 980 192 ix
1230 155 1278 193 53

206 273 312 313 Vidit
338 274 474 322 anguis
502 274 726 313 immolatam
753 274 913 323 corporis
941 274 1035 311 sacri
1064 273 1241 319 hostiam3

154 327 271 374 Vidit,
301 329 338 364 et
365 327 462 365 fellis
488 327 626 375 perusti
653 339 735 365 mox
763 339 940 366 venenum
969 327 1140 374 perdidit,

153 380 306 419 Saucius
333 380 453 418 dolore
481 381 595 418 multo
622 380 716 418 colla
745 380 882 419 fractus
911 380 1019 418 sibila
1049 380 1120 427 (1).
1230 382 1279 417 90

206 433 300 480 Quid
328 433 410 479 tibi,
441 433 591 480 profano
619 445 781 481 serpens,
811 433 949 481 profuit
976 433 1082 470 rebus
1110 433 1214 471 novis

154 486 304 524 Plasma
331 486 487 534 primum
515 486 710 534 perculisse
738 486 920 534 versipelli
948 486 1150 524 hortamine
1180 487 1263 535 (Ἐγ.)

153 538 274 577 Diluit
299 539 445 587 culpam
471 541 613 586 recepto
640 539 756 577 forma
784 539 949 577 mortalis
977 539 1066 577 Deo.

206 591 267 630 Ad
294 592 437 630 brevem
466 603 503 629 se
531 592 659 630 mortis
686 604 792 630 usum
822 593 894 630 dux
922 591 1053 630 salutis
1082 592 1232 630 dedidit.

154 645 317 683 Mortuos
345 644 431 682 olim
460 644 619 692 sepultos
646 647 689 682 ut
715 645 830 682 redire
859 645 1092 690 insuesceret,
1231 646 1279 680 95

153 697 353 735 Dissolutis
380 697 618 745 pristinorum
646 698 802 735 vinculis
836 697 1098 745 peccaminum.

206 750 308 788 Tunc
336 752 473 798 patres,
505 750 693 798 sanctique
721 750 827 788 multi
857 750 1074 788 conditorem
1094 750 1279 798 praevium

152 803 236 840 Iam
263 804 500 841 revertentem
529 803 657 849 secuti,
687 803 793 841 tertio
822 804 965 841 demum
993 803 1050 841 die

153 855 285 894 Carnis
311 855 526 893 indumenta
554 858 718 901 sumunt,
749 868 837 903 eque
866 857 985 894 bustis
1011 857 1202 904 prodeunt.

205 909 377 947 Cerneres
404 912 497 946 coire
525 909 686 946 membra
714 909 755 946 de
784 909 922 947 favillis
950 909 1088 956 aridis,
1201 910 1279 947 100

153 960 358 1009 Frigidum,
389 961 493 999 venis
519 962 729 1009 resumptis,
760 962 943 1009 pulverem
970 964 1171 1010 tepescere:

155 1014 264 1060 Ossa,
295 1025 439 1060 nervos,
470 1026 513 1052 ac
541 1014 718 1052 medullas
746 1015 890 1062 glutino
918 1015 1012 1053 cutis
1039 1016 1129 1063 tegi.

204 1067 308 1113 Post,
324 1068 366 1105 ut
383 1078 551 1106 occasum
566 1067 714 1105 resolvit
729 1068 801 1116 (3),
831 1068 926 1105 vitae
943 1069 979 1105 et
993 1068 1177 1106 hominem
1196 1069 1275 1106 red-

151 1119 320 1158 Arduum
346 1120 509 1158 tribunal
537 1120 605 1157 alti
620 1120 735 1158 victor
763 1121 954 1159 adscendit
981 1121 1118 1168 Patris,
1154 1120 1277 1172 [didit,

151 1172 327 1210 Inclitam
354 1173 454 1211 caelo
480 1175 670 1221 reportans
697 1174 881 1221 passionis
908 1174 1078 1222 gloriam.
1204 1174 1278 1212 105

204 1225 324 1264 Macte
351 1225 459 1264 iudex
487 1228 723 1272 mortuorum,
755 1229 872 1265 macte
899 1239 962 1264 rex
988 1227 1206 1274 viventium,

150 1278 285 1317 Dexter
311 1278 351 1317 in
380 1279 549 1317 Parentis
578 1290 658 1317 arce
687 1279 750 1328 qui
778 1279 870 1318 cluis
901 1280 958 1328 (4)
987 1280 1200 1328 virtutibus,

152 1331 326 1370 Omnium
352 1333 528 1370 venturus
556 1332 641 1370 inde
670 1333 788 1370 iustus
816 1332 912 1371 ultor
938 1333 1144 1371 criminum.

203 1384 254 1422 Te
281 1396 400 1431 senes,
431 1386 467 1422 et
494 1387 529 1423 te
557 1385 741 1431 iuventus,
773 1385 1005 1433 parvulorum
1037 1388 1072 1424 te
1106 1387 1251 1429 chorus,

150 1437 274 1475 Turba
285 1439 444 1476 matrum
460 1437 730 1486 virginumque,
749 1438 932 1486 simplices
946 1439 1142 1486 puellulae,
1202 1439 1277 1477 110

150 1489 247 1528 Voce
273 1491 467 1529 concordes
495 1490 637 1538 pudicis
665 1493 895 1539 perstrepant
922 1493 1171 1530 concentibus.

204 1543 414 1581 Fluminum
441 1543 568 1591 lapsus
596 1546 632 1581 et
663 1543 797 1590 undae,
831 1544 980 1582 litorum
1008 1545 1224 1593 crepidines,

149 1595 285 1642 Imber,
317 1598 455 1641 aestus,
479 1596 557 1642 niX,
589 1597 734 1643 pruina,
757 1597 864 1643 silva,
888 1599 923 1635 et
951 1609 1055 1644 aura,
1077 1609 1163 1645 noir,
1185 1598 1278 1645 dies,

149 1648 329 1687 Omnibus
356 1650 391 1687 te
419 1648 669 1687 concelebrent
698 1650 922 1688 saeculorum
952 1651 1121 1689 saeculis.

213 1771 260 1810 (l)
283 1771 366 1802 colla
387 1771 497 1802 sibila.
522 1771 558 1801 V.
583 1771 674 1801 Vmc.
700 1773 813 1811 Geory.
839 1772 896 1808 HI,
930 1773 1007 1808 421;
1031 1774 1112 1803 Aen.
1146 1773 1183 1809 V,
1207 1773 1279 1805 277.

148 1829 188 1836 —
209 1812 298 1843 Falso
318 1813 432 1843 sibilas
453 1813 619 1842 FABmmvs
639 1813 727 1849 legit.

213 1854 257 1891 (⁴2)
282 1854 443 1892 versipelli
472 1855 665 1884 hortamine.
697 1853 789 1884 Codd.
828 1854 947 1884 Vaticc.
975 1856 1214 1892 praestantiores
1247 1858 1280 1886 et

151 1895 318 1926 Werrzws.
341 1911 381 1917 —-
412 1895 576 1933 versipelli
608 1896 744 1931 astutia,
768 1895 1009 1926 CuAmLLAunvs
1037 1899 1069 1926 ct
1096 1896 1279 1932 CELLAmvs,

149 1936 260 1972 quibus
279 1936 429 1967 caleulum
461 1945 521 1966 non
554 1936 718 1972 adiiciam
749 1945 853 1967 vereor
884 1937 966 1967 enim
998 1946 1035 1967 nc
1067 1938 1104 1970 τὸ
1138 1939 1278 1970 astutia.

148 1983 255 2021 aliqua
273 1983 320 2014 sit
338 1983 490 2029 γλῶσσα.

212 2030 258 2069 (3)
281 2039 428 2061 occasum
451 2030 601 2061 resolvit.-
623 2032 751 2061 mortem
773 2031 902 2061 amovit.

212 2071 259 2113 (4)
280 2072 378 2109 cluis,
403 2071 483 2117 ἀρχ.
504 2080 559 2110 pro
581 2071 717 2102 alnes-N.
762 2073 883 2102 Contra
905 2073 1028 2110 Symm.
1051 2073 1093 2110 11,
1117 2073 1192 2103 584.
