1450 2537
248 105 359 132 xxxiv
412 105 460 131 DE
477 103 589 131 ruvo.
610 103 762 136 mvsovn
780 84 888 130 ornuss
907 102 991 130 coir.
1014 103 1051 129 v.
1073 102 1208 130 Lmen.

247 241 377 271 versos
389 228 622 271 memoriter
633 228 780 271 retinui
792 243 800 276 ς
814 228 932 281 idque
948 240 1027 278 me,
1043 229 1272 272 canescente
1289 229 1368 271 iam

246 302 394 350 aetate,
421 302 539 354 grata
569 299 836 342 recordatione
867 300 1042 351 repetere
1064 299 1191 341 iuvat.
1207 299 1266 354 (1)
1290 299 1365 343 Sed

246 372 351 413 enim
382 372 542 413 litterae
571 371 718 412 latinae
751 369 957 423 pestilenti
978 370 1059 411 iam
1081 369 1208 412 sidere
1239 371 1367 413 afflari

245 442 503 488 videbantun
527 441 713 494 brevique
734 442 910 493 tempore
930 440 1156 482 scholarum
1175 440 1308 484 ordine
1327 441 1367 484 in

247 513 474 566 Subalpinis
496 514 536 553 et
556 514 686 553 cetera
709 510 830 552 Italia
860 511 1093 561 immutato,
1125 511 1216 554 aliis
1246 513 1369 566 atquc

246 584 336 625 aliis
365 583 546 636 deinceps
577 581 738 623 docendi
769 581 988 622 rationibus
1018 581 1199 633 invectis,
1220 582 1268 624 de
1289 582 1369 624 La-

245 654 406 703 etnntiQ
439 653 678 706 AugustinQ
712 652 902 702 Boethio,
935 652 1247 708 Prudentioque'
1267 653 1369 696 nihil

246 725 402 778 uspiam
432 738 478 765 ne
509 723 624 764 faudo
655 723 815 777 quidem
849 723 1050 766 auditum.

305 795 383 838 Sed
413 807 484 848 ego
514 795 677 835 fortasse
708 794 957 844 invenustus
989 795 1058 848 qui
1095 796 1135 837 te
1174 795 1298 838 velim
1327 798 1368 839 in

245 866 479 907 recentiores
518 864 679 906 docendi
711 864 888 906 officinas
926 878 1076 916 vocare,
1108 866 1253 920 quibus
1292 867 1367 909 filii

246 936 367 978 nostri
397 936 436 976 in
467 935 610 977 scholis
631 935 777 977 ordinis
798 936 959 977 secundi
975 936 1113 987 velint,
1129 937 1271 986 nolint,
1288 939 1369 980 tres

245 1019 363 1048 annos
383 1007 603 1056 conterunt,
636 1019 848 1060 rerumque
870 1007 1037 1060 pondere
1058 1007 1191 1053 obruti
1211 1008 1369 1050 infinita

245 1078 430 1120 satietate
462 1077 703 1118 afficiuntur.
737 1078 799 1118 Tu
831 1090 920 1119 vero
939 1111 948 1128 ‚
981 1091 1082 1132 quae
1119 1080 1193 1120 tua
1223 1080 1369 1121 huma-

246 1148 348 1189 nitas
379 1149 451 1197 est,
486 1160 619 1188 meum
651 1147 935 1198 Prudentium‚
957 1148 1022 1189 cui
1054 1149 1238 1202 equidem
1259 1152 1369 1204 post-

244 1218 391 1259 liminii
421 1218 483 1259 ius
514 1217 719 1271 competit,
752 1218 880 1259 amico
910 1219 1030 1260 vultu
1060 1220 1243 1273 excipito,
1275 1233 1368 1262 can-

245 1289 334 1329 dide
364 1289 501 1338 lector,
524 1301 643 1342 quem
675 1301 778 1330 nunc
809 1289 872 1330 tui
903 1302 1023 1331 eausa
1044 1303 1064 1331 e
1085 1290 1168 1331 situ
1189 1292 1230 1332 et
1248 1291 1368 1346 longa

244 1359 439 1400 oblivione
470 1359 721 1400 vindicatum
742 1359 782 1400 iu
800 1359 1013 1413 publicum
1035 1361 1137 1403 dedi.
1162 1361 1205 1404 Si
1226 1362 1303 1403 tibi
1326 1363 1367 1404 in

244 1444 287 1472 eo
333 1430 545 1472 evolvendo
592 1431 780 1472 comitem
827 1431 1053 1474 adiunxeris
1097 1433 1367 1475 enarratorem

243 1502 340 1543 satis
361 1501 593 1543 litteratum
615 1514 659 1543 ac
681 1502 813 1555 pulcri
834 1515 951 1544 sensu
971 1503 1224 1554 instinctum,
1255 1517 1368 1558 spero

244 1573 334 1622 ferei
356 1574 404 1613 111
435 1585 481 1613 ex
501 1574 639 1626 poetae
662 1573 887 1615 dulcissimi
917 1574 1200 1616 consuetudine
1220 1575 1367 1617 miram

243 1643 493 1696 voluptatem
516 1645 556 1685 et
577 1644 685 1685 haud
707 1644 961 1697 poenitendos
982 1644 1138 1687 fructus
1156 1645 1366 1700 percipias.

302 1754 459 1795 Dabam
480 1755 690 1809 Augustae
713 1756 977 1798 Taurinorum
997 1757 1039 1798 in
1059 1757 1264 1811 praeludio
1288 1758 1367 1800 diei

244 1825 387 1866 natalis
419 1825 513 1867 Iesu
544 1825 694 1868 Christi
727 1839 791 1869 an.
824 1838 1096 1870 M.Dccc.XCIV.

290 1936 343 1978 (1)
361 1935 398 1970 V.
415 1936 538 1970 Novae
554 1937 766 1981 Antoloqiae
784 1938 824 1972 in
840 1949 942 1973 usum
964 1938 1123 1974 Scholar.
1143 1938 1293 1974 Ordinis
1308 1939 1368 1974 Se-

243 1982 354 2016 cundi
382 1982 495 2017 Libros
514 1983 536 2027 Ι,
556 1984 582 2019 ΙΙ
613 1986 644 2018 01
669 1985 711 2020 ΙΙΙ
741 1986 905 2029 Augustae
935 1985 1151 2020 Taurinorum
1179 1997 1215 2021 ex
1233 1986 1367 2022 Officina

243 2029 343 2073 Regia
369 2029 471 2064 editos
497 2041 548 2064 an.
574 2032 730 2066 mcccliv.
