1450 2537
167 148 217 186 38
548 157 697 185 Avassm
724 156 921 182 annssmn

274 273 371 309 Nam
400 271 431 309 si
458 271 609 308 licenter
637 269 802 306 diffluens
830 270 917 315 potu
945 270 981 305 et
1007 269 1087 306 cibo

220 325 351 362 Ieiuna
378 325 445 361 rite
474 325 635 360 membra
663 334 735 359 non
765 327 952 367 coerceas,

220 378 400 425 Sequitur,
431 376 612 424 frequenti
641 374 801 412 marcida
829 374 1067 412 oblectamine

220 430 389 468 Scintilla
417 430 549 466 mentis
577 430 618 465 ut
645 429 806 475 tepescat
834 427 981 473 nobilis,

220 484 447 529 Animusque
477 483 514 519 in
546 482 602 529 (1)
631 481 747 528 pigris
777 482 905 517 stertat
934 480 1165 527 praecordiis.
1243 480 1292 518 20

273 537 474 573 Frenentur
501 546 585 581 ergo
614 545 799 581 corporum
829 534 1031 580 cupidines,

221 590 374 627 Detersa
401 590 443 625 ut
469 588 570 625 intus
599 587 727 624 emicet
754 586 970 633 prudentia:

220 643 277 679 Sic
305 641 459 679 excitato
487 640 676 687 perspicax
703 639 884 685 acumine,

220 696 396 741 Liberque
425 694 515 730 flatu
543 693 677 730 laxiore
706 692 855 740 spiritus

220 750 353 786 Rerum
382 748 573 784 Parentem
601 746 734 783 rectius
762 746 967 792 precabitur
997 746 1069 794 (2).
1243 747 1292 783 25

275 801 384 838 Helia
410 800 477 837 tali
505 799 618 837 crevit
645 799 889 844 observantia,

220 855 334 892 Vetus
363 853 543 899 sacerdos,
573 852 668 889 ruris
696 852 826 899 hospes
855 852 970 889 aridi:

219 908 375 954 Fragore
405 907 451 943 ab
480 906 578 943 omni
597 917 702 953 quem
730 906 906 942 remotum
935 907 971 942 et
999 915 1186 953 segregem

219 960 403 1008 sprevisse
431 959 582 996 tradunt
610 958 802 996 criminum
830 958 1086 1005 frequentiam,

221 1014 328 1050 Casto
357 1012 534 1049 fruentem
563 1011 717 1059 syrtium
746 1012 891 1048 silentio
922 1013 992 1053 (3).
1243 1012 1292 1049 30

272 1066 339 1103 Sed
367 1076 448 1102 mox
476 1065 515 1102 in
544 1076 652 1101 auras
680 1064 799 1112 igneis
826 1064 1025 1111 iugalibus,

221 1120 404 1166 Curruque
433 1119 561 1165 raptus
589 1118 746 1155 evolavit
773 1119 954 1164 praepete,

220 1173 276 1208 Ne
306 1172 347 1208 de
375 1171 577 1218 propinquo
605 1171 764 1208 sordium
793 1171 962 1217 contagio

219 1225 330 1262 Dirus
359 1224 519 1271 quietum
547 1224 704 1261 mundus
733 1223 886 1260 adfiaret
913 1224 1045 1269 virum,

219 1277 315 1315 Olim
342 1277 505 1324 probatis
532 1277 700 1314 inclitum
728 1277 887 1313 ieiuniis.
1242 1277 1291 1313 3.)

271 1332 355 1367 Non
384 1331 469 1367 ante
497 1329 588 1367 caeli
614 1329 813 1376 principem
843 1329 1086 1377 septemplicis

219 1384 352 1429 Moses,
382 1383 560 1420 tremendi
588 1383 682 1420 fidus
711 1383 889 1429 interpres
916 1383 1060 1429 throni,

219 1437 342 1474 Potuit
369 1436 503 1482 videre,
535 1447 644 1483 quam
674 1436 793 1473 decem
822 1436 1027 1474 recursibus

217 1491 351 1534 Quater
377 1489 512 1527 volutis
539 1489 593 1526 sol
619 1500 821 1536 peragrans
851 1489 970 1526 sidera

219 1543 326 1580 Omni
355 1543 537 1580 carentem
565 1543 726 1579 cerneret
753 1542 961 1579 substantia
991 1542 1064 1591 (4).
1242 1543 1292 1580 40

228 1688 272 1726 (1)
287 1689 489 1726 Animusque
500 1689 535 1717 in
542 1688 667 1726 pigris,
680 1688 740 1717 ete.
755 1687 801 1717 Ad
814 1687 893 1717 hune
905 1687 1026 1717 modum
1041 1688 1133 1717 verba
1144 1687 1291 1725 disposui.

164 1730 220 1759 Sed
237 1730 328 1759 Codd.
357 1730 489 1759 habent:
515 1730 718 1767 Animusque
735 1730 847 1767 piyris
872 1732 987 1759 stertat
1012 1730 1048 1758 in
1069 1729 1293 1767 praecordiis;

165 1772 352 1800 Giseliniana
365 1780 434 1800 vero
445 1771 558 1801 editio:
571 1771 892 1809 Animusquepiqrz's
903 1773 1018 1800 stertat
1030 1773 1067 1799 ut
1080 1771 1291 1808 praecordiis.

228 1817 272 1855 (2)
290 1819 409 1847 rectius
418 1817 618 1856 precabitur.
632 1817 726 1847 Docet
738 1817 769 1847 S.
783 1817 978 1847 Avevsrmvs
992 1817 1041 1854 (in
1053 1818 1179 1847 Psalm.
1193 1818 1289 1856 meJ:

165 1859 303 1887 Duabus
330 1859 395 1888 alis
436 1860 614 1888 orationem
641 1860 678 1888 in
708 1859 812 1888 Deum
840 1859 934 1896 ferri,
963 1860 1097 1894 ieiunio,
1128 1868 1239 1898 nempe
1264 1863 1293 1888 et

165 1900 368 1937 eleemosyna.

229 1946 272 1979 (3)
297 1947 590 1983 syttiumsilentio.
606 1946 711 1985 Syrtes
726 1946 762 1976 de
778 1947 870 1976 terris
889 1946 1028 1983 desertis,
1051 1946 1182 1976 sterilib.
1201 1947 1293 1982 atque

166 1996 271 2016 aleno
276 1988 311 2017 is,
316 1988 350 2017 V.
368 1989 485 2019 Lv.cAN
508 1989 629 2019 Plau-‚s
660 1988 716 2023 ΠΙ,
733 1989 809 2023 295;
833 1989 889 2025 IX,
907 1989 984 2024 4473
998 1990 1030 2018 et
1041 1989 1139 2018 nostr.
1161 1988 1291 2023 Ἀποθ,

167 2035 241 2068 511ς
268 2033 361 2067 Ka&-
354 2048 416 2080 ημ
440 2036 496 2072 ΧΙ,
518 2037 568 2066 65.

230 2081 273 2121 (4)
297 2083 491 2114 substantia.
514 2084 593 2113 cibo.
616 2082 654 2112 V.
677 2082 780 2112 Exod.
805 2090 915 2114 xxxw.
