1450 2537
1169 0 1174 5 .
1184 0 1191 10 ε,
1206 6 1213 13 ,
1234 0 1450 48 ..n-vm

1251 18 1289 34 v„zu-³
1313 24 1317 29 ,
1356 27 1363 34 ,

1281 43 1283 48 ⁴
1318 59 1319 62 Ἰ
1340 54 1349 58 ,.
1369 51 1372 55 ·
1387 39 1450 61 'sam-¹

219 165 295 204 150
599 174 747 202 AVRELn
776 174 971 202 PRVDENTII

537 289 582 325 In
611 289 723 324 morte
754 288 866 324 victor
894 299 968 334 asp.
983 299 1038 334 ra,

483 342 572 378 Tum
604 341 732 377 deinde
760 342 843 387 post
870 342 1018 377 mortem
1049 342 1127 388 pari

482 395 607 431 Victor
634 394 818 440 triumpho
846 395 998 440 proteris

481 446 562 484 Solo
589 447 769 484 latronem
798 458 957 493 corpore.
991 447 1050 496 (1)

536 500 673 537 Adesto
701 511 813 546 nunc,
844 502 880 537 et
907 501 1063 547 percipe,
1267 503 1340 540 545

480 553 596 591 Voces
623 555 838 600 precantum
867 553 1065 601 supplices,

480 606 609 644 Nostri
635 608 759 644 reatus
787 606 912 643 efficax

479 659 612 698 Orator
639 660 687 697 ad
713 659 887 697 thronum
917 659 1054 698 Patris.

531 713 602 751 Per
628 715 678 760 te,
709 725 773 760 per
800 713 905 751 illum
933 725 1126 761 carcerem,

479 766 641 805 Honoris
669 768 906 815 augmentum
934 766 1011 812 tui3
1261 769 1337 806 550

478 820 550 857 Per
575 820 713 866 vincla,
743 820 927 866 flammas,
956 820 1134 868 ungulas,

479 873 549 910 Per
575 872 793 911 carceralem
822 873 998 921 stipitem3
1043 873 1101 922 (2)

533 927 602 964 Per
629 927 797 975 fragmen
825 927 918 964 illud
945 928 1115 974 testeum,

477 980 555 1025 Quo
582 981 690 1028 parta
715 980 830 1018 crevit
857 980 991 1028 gloria,

477 1034 562 1080 Per,
593 1045 698 1081 quem
725 1035 921 1071 trementes
948 1033 1083 1081 posteri
1104 1033 1162 1083 (3)
1264 1034 1339 1071 555

476 1087 753 1132 Exoscuhzmur,
783 1087 971 1132 lectulum,

530 1141 701 1178 Miserere
729 1142 937 1178 nostrarum
964 1152 1124 1187 precum,

476 1193 651 1232 Placatus
678 1194 720 1231 ut
748 1194 915 1231 Christus
943 1193 1021 1239 suis

475 1247 638 1284 Inclinet
665 1258 788 1284 aurem
816 1258 1043 1294 prosperam,

474 1300 601 1338 Noxas
628 1312 694 1337 nec
722 1311 846 1338 omnes
875 1300 1043 1347 imputet.
1263 1301 1340 1338 560

528 1354 566 1392 Si
593 1353 661 1391 rite
689 1353 884 1391 solemnem
913 1354 1006 1390 diem

476 1407 702 1445 Veneramur
731 1418 789 1444 ore
817 1409 853 1444 et
880 1409 1046 1454 pectore3

475 1460 513 1497 Si
541 1461 610 1498 sub
635 1462 781 1497 tuorum
809 1461 944 1507 gaudio

474 1513 724 1561 Vestigiorum
753 1514 964 1559 sternimur,

529 1567 737 1614 Paullisper
765 1567 836 1604 huc
864 1567 1028 1613 illabere,
1262 1568 1337 1605 565

476 1620 612 1658 Christi
640 1620 799 1658 favorem
830 1620 1016 1666 deferens3

206 1742 281 1773 Inde
302 1752 354 1773 nos
375 1743 462 1780 Itali,
484 1742 544 1773 nisi
566 1743 656 1782 probe
678 1752 756 1780 erro,
780 1743 907 1774 fecimus
929 1744 1036 1774 bravo.
1063 1760 1102 1766 —
1119 1744 1238 1775 Vaticc.
1262 1753 1334 1774 mss.

208 1783 324 1814 habent
336 1785 453 1816 bravii.

272 1838 316 1875 (1)
328 1838 497 1869 latronem.
509 1839 602 1868 Latro
614 1838 664 1868 hic
676 1840 723 1868 est
735 1838 782 1868 vel
793 1838 957 1874 Dacianus‚
970 1838 1017 1869 vel
1028 1839 1094 1869 eius
1105 1837 1334 1883 κακοδαίμων,

208 1892 265 1920 quo
288 1886 452 1915 instinctus
475 1886 515 1916 ad
535 1887 646 1924 probra
668 1894 805 1924 quaeque
827 1886 1032 1924 perpetranda
1053 1886 1272 1924 impelleretur.

270 1938 314 1975 (2)
340 1949 404 1977 per
434 1940 627 1969 carceralem
658 1941 819 1978 stipitem:
851 1947 904 1977 per
932 1940 1048 1976 lignum
1077 1941 1110 1970 et
1141 1948 1267 1969 nervum
1299 1939 1336 1970 de

207 1979 316 2015 quibus
337 1989 441 2018 supra.

268 2027 312 2065 (3)
331 2037 392 2066 per
413 2038 516 2066 quem.
539 2029 590 2059 Ita
610 2029 758 2059 Hamsws
779 2038 816 2059 ex
839 2029 904 2060 cod.
931 2029 1068 2065 omnis„
1091 2028 1143 2065 qui
1168 2028 1334 2058 erzwm

206 2068 322 2105 culpat,
345 2070 423 2105 quod
444 2070 642 2108 descripserit
661 2073 692 2100 et
711 2080 825 2109 quem,-
847 2079 924 2107 quae
945 2072 1049 2100 tamen
1071 2070 1161 2100 varia
1181 2070 1273 2101 lectio
1293 2070 1333 2100 le-

206 2110 291 2145 gitur
312 2112 344 2139 et
365 2111 396 2140 in
420 2113 568 2148 quattuor
589 2112 708 2143 Vaticc.
