1450 2537
208 155 283 194 188
587 165 737 193 AvnELn
762 164 958 193 PssvDENTn

316 281 449 326 Mores,
480 280 630 325 fruteta,
661 279 841 327 germina,
872 279 1017 324 herbas,
1049 280 1208 326 arbores,

310 336 406 379 Quae
436 335 523 370 sunt
550 333 663 378 odori,
695 344 856 380 quaeque
884 335 1040 369 vernant
1067 333 1158 370 03111.
1252 335 1327 372 335

363 387 463 423 Haec
491 396 562 423 non
591 386 713 422 labore
742 389 777 422 et
805 387 881 422 arte
909 385 1057 423 molitus
1086 386 1197 431 Deus,

310 440 376 475 Sed
406 439 578 484 iussione,
609 450 718 485 qnam
747 439 907 485 potestas
935 439 1098 485 prot-mit,

310 491 500 527 Mandavit
528 503 629 528 esso:
662 491 759 528 facta
788 492 875 528 sunt
903 502 994 538 quae
1023 503 1096 528 non
1125 493 1244 529 erant.

311 545 426 581 Verbo
454 544 590 581 creavit
618 544 866 581 omniformem
896 544 1126 581 machinam:

314 598 435 634 Virtus
465 598 623 633 Paterna
652 609 791 643 semper
819 596 857 633 in
885 597 1002 634 Verbo
1029 597 1113 635 fuit.
1252 599 1328 635 340

362 649 555 696 cognostis
584 649 642 697 (1)
672 650 805 697 ipsum.
837 650 946 687 Nunc
972 650 1113 687 colendi
1141 651 1329 697 agnoscite

310 703 433 740 liituin
462 703 691 749 modumque,
723 703 828 749 quale
857 702 906 739 sit
933 703 1059 750 templi
1087 715 1218 751 genus,

308 758 405 800 Quae
434 755 593 793 dedicari
621 756 783 792 sanxerit
811 755 976 802 donaria,

308 810 405 852 Quae
434 810 518 845 vota
545 810 684 855 poscat,
717 819 806 856 quos
833 809 1037 846 sacerdotes
1065 809 1166 855 velit,

308 862 408 906 Quod
437 862 585 898 mandet
611 861 688 899 illic
715 863 841 899 nectar
868 861 1101 899 immolarier.
1252 863 1327 899 345

362 914 496 951 Aedem
527 915 584 962 (2)
605 914 675 952 sibi
694 914 770 961 ipse
790 917 908 952 mente
929 915 967 952 in
987 915 1146 952 hominis
1165 915 1329 953 condidit

308 967 452 1013 Vivam,
480 979 660 1014 serenam,
691 968 910 1013 sensualem,
941 968 1114 1014 flabilem,

307 1020 404 1057 Solvi
433 1021 643 1067 incapacem
669 1032 789 1067 posse,
821 1032 886 1057 nec
914 1021 1175 1066 destructilem,

309 1074 518 1119 Pulchram,
550 1076 756 1119 venustam,
786 1073 1071 1120 praeminentem
1099 1075 1272 1119 culmine,

309 1126 580 1164 Discriminatis
607 1126 753 1163 inlitam
781 1127 975 1164 coloribus.
1251 1127 1328 1165 350

360 1179 428 1216 Ille
457 1179 624 1217 sacerdos
652 1181 727 1217 stat
753 1181 895 1217 sacrato
923 1179 963 1216 in
989 1179 1129 1226 limine,

309 1233 485 1280 For-esque
513 1232 650 1279 primas
678 1233 781 1280 virgo
809 1232 968 1270 custodit
994 1233 1102 1270 Fides
1131 1233 1206 1282 (3),

308 1286 449 1322 Innexa
476 1286 594 1323 crines
622 1285 779 1323 vinculis
806 1286 1007 1333 regalibus,

310 1339 432 1375 Poscit
459 1338 560 1375 litari
586 1338 754 1375 victimas
783 1338 926 1376 Christo
955 1341 991 1376 et
1020 1339 1137 1384 Patri,

307 1392 406 1436 Quas
435 1391 504 1428 scit
531 1391 686 1438 placere,
717 1391 950 1438 candidatas,
981 1391 1178 1439 simplices.
1250 1393 1326 1429 355

361 1444 505 1481 Frontis
532 1445 718 1491 pudorem,
748 1444 866 1482 cordis
894 1445 1154 1492 innocentiam,

309 1497 415 1534 Pacis
444 1497 614 1544 quietem,
645 1497 852 1535 castitatem
880 1498 1053 1546 corporis,

309 1551 375 1587 Dei
402 1550 583 1597 timorem,
614 1551 779 1598 regulam
806 1550 994 1598 scientiae,

309 1603 530 1641 Ieiuniorum
557 1604 774 1650 parcitatem
802 1604 975 1650 sobriam,

309 1658 413 1703 Spem
424 1668 498 1694 non
509 1656 702 1703 iacentem,
716 1668 855 1704 semper
865 1659 901 1694 et
910 1657 1054 1704 largam
1068 1669 1233 1695 manum.
1251 1659 1327 1696 360

266 1755 311 1793 (1)
334 1756 502 1792 coyndstis,
525 1764 608 1793 sync.
634 1765 686 1793 pro
708 1757 903 1792 cognovistis,

268 1796 313 1834 (2)
337 1797 456 1825 aedem.
481 1797 527 1826 Ad
549 1806 647 1827 mores
668 1797 800 1827 hominis
821 1797 963 1829 refertur.
981 1814 1020 1819 —
1034 1798 1227 1834 sensualem,
1251 1806 1329 1834 quac

205 1836 243 1865 ad
264 1838 415 1867 sentiendi
443 1839 475 1867 et
497 1839 688 1875 intelligendi
710 1839 773 1868 vim
801 1839 946 1876 pertinet.
972 1839 1007 1868 V.
1031 1840 1182 1869 TERTVLL.
1206 1838 1326 1879 (Arnim.

205 1878 268 1911 43).
286 1879 440 1908 Sensualis
456 1880 553 1914 igitur
566 1889 656 1918 saepe
677 1881 725 1910 est
740 1881 817 1917 quod
832 1889 921 1909 sensu
936 1881 1038 1917 potest
1052 1881 1180 1918 percipi,
1195 1881 1328 1916 sensilis,

204 1920 365 1949 sensibilis.
389 1937 426 1941 -—
455 1921 609 1957 flabilem,
633 1925 766 1957 aeream,
795 1921 990 1959 spirabilen1;
1014 1922 1066 1951 sed
1087 1921 1139 1951 hic
1160 1921 1330 1952 christiano

203 1969 293 1990 sensu
314 1962 394 1990 idem
416 1962 499 1991 valet
520 1971 554 1992 ac
577 1964 796 2001 spiritualem.
820 1963 938 1992 Iniuria
968 1963 1093 1999 quidam
1113 1963 1220 1999 legunt
1242 1963 1328 2000 flebi-

206 2002 278 2036 lem,
303 2004 358 2031 aut
377 2004 536 2034 sffcthilem.

268 2043 313 2082 (3)
337 2045 434 2073 Fores
451 2046 582 2082 primas
597 2046 657 2075 ete.
674 2045 704 2075 S.
724 2046 862 2075 Avevsr.
880 2046 942 2084 Ep.
960 2045 1004 2074 ad
1018 2046 1168 2075 sixtum.-
1185 2056 1202 2072 «
1219 2053 1256 2075 ex
1270 2045 1330 2074 fide

205 2085 303 2114 omnis
325 2085 447 2114 iustitia
468 2086 565 2116 sumit
579 2087 714 2116 initium.
741 2097 758 2114 »
782 2087 818 2118 V.
842 2088 874 2116 et
888 2087 936 2116 De
950 2087 1114 2117 Praeclest.
1133 2087 1190 2116 SS.
1208 2086 1240 2117 C.
1259 2086 1326 2118 Vll.
