1502 2537
48 2519 118 2537 ’’’’’’

199 290 367 330 Caesaris
394 291 527 329 vexilla
554 290 742 338 linquunt,
773 289 916 336 eligunt
943 288 1091 335 signum
1122 288 1247 325 Crucis
1263 318 1271 330 ,

148 346 289 393 Proque
304 344 464 382 ventosis
479 344 689 388 draconum,
703 354 793 390 quos
807 343 995 389 gerebant,
1012 341 1133 388 palliis
1149 341 1207 387 (1)
1225 343 1273 375 :35

147 398 365 436 Praeferunt
392 397 536 444 insigne
565 397 722 441 lignum,
749 395 844 444 quod
873 395 1064 432 draconem
1093 394 1270 431 subdidit.

201 451 282 488 Vile
310 451 460 488 censent
487 450 664 497 expeditis
693 450 782 486 ferre
812 448 947 485 dextris
976 447 1130 494 spicula,

148 503 332 542 Machinis
361 515 502 540 murum
533 503 651 547 ferire,
682 503 804 540 castra
835 501 942 539 fossis
971 501 1140 548 cingere,

146 557 286 605 Impias
314 567 445 594 manus
473 556 633 593 cruentis
663 555 853 603 inquinare
883 554 1082 601 stragibus.

201 610 307 648 Forte
335 611 423 647 tunc
451 612 553 647 atrox
582 609 759 646 secundos
788 607 936 646 Israelis
965 608 1126 654 posteros
1147 604 1204 652 (2)
1226 606 1275 642 40

148 664 286 702 Ductor
311 662 416 700 aulae
445 662 642 700 mundialis
672 662 731 710 (3)
762 662 811 698 ire
840 661 887 698 ad
915 672 1016 697 aram
1046 660 1216 704 iusserat,

148 715 263 755 Idolis
290 716 395 753 litare
426 716 484 763 (4)
515 715 646 762 nigris,
677 727 754 752 esse
784 714 919 752 Christi
948 713 1113 760 defugas.

201 769 369 807 Liberam
398 769 584 806 succincta
613 767 705 805 ferro
734 767 846 814 pestis
874 767 1029 814 urgebat
1056 765 1184 803 fidem:

148 822 222 860 Illa
248 822 374 870 virgas
403 824 439 859 et
466 833 621 866 secures,
653 823 689 857 et
715 820 875 857 bisulcas
902 819 1063 867 ungulas
1092 817 1150 866 (5)
1205 827 1225 835 ‘

147 875 253 913 Ultro
281 874 386 912 fortis
413 875 616 921 expetebat,
649 873 785 911 Christi
814 884 934 910 amore
963 871 1144 909 interrita.
1225 871 1274 907 45

200 929 330 966 Carcer
357 927 515 975 inligata
543 927 643 964 duris
672 926 766 963 colla
794 926 914 964 baccis
945 926 1004 973 (6)
1035 923 1200 972 impedit.

148 981 330 1020 Basbaras
358 980 475 1017 forum
503 992 566 1027 per
593 991 698 1017 omne
726 981 838 1016 tortor
866 980 1006 1016 exercet
1037 989 1192 1022 manus;

147 1033 293 1072 Veritas
320 1033 456 1071 crimen
482 1034 646 1080 putatur,
679 1044 748 1069 vox
776 1032 894 1069 fidelis
930 1031 1114 1078 plectitur.

199 1087 302 1125 Tunc
329 1088 366 1124 et
393 1098 477 1123 ense
502 1098 609 1123 caesa
628 1086 745 1123 virtus
774 1085 878 1122 triste
907 1084 1087 1132 percussit
1114 1083 1245 1121 solum.

147 1140 210 1185 Et,
240 1139 341 1188 rogis
368 1139 514 1187 ingesta
541 1139 702 1187 moestis,
726 1135 792 1176 'ore
821 1138 989 1175 flammas
1017 1137 1175 1175 sorbuit:
1227 1138 1275 1171 50

148 1193 262 1231 Dulce
288 1194 378 1230 tunc
406 1192 514 1230 iustis
541 1192 707 1237 cremari,
739 1191 843 1228 dulce
871 1191 1005 1228 ferrum
1034 1190 1184 1237 perpeti.

200 1245 273 1283 Hic
301 1246 452 1283 duorum
480 1257 565 1283 cara
584 1246 739 1282 fratrum
758 1244 1014 1282 concalescunt
1034 1243 1093 1291 (7)
1113 1244 1273 1290 pectora,
1298 1251 1309 1256 ’

147 1298 240 1336 Fida
267 1309 358 1347 quos
385 1310 448 1346 per
476 1310 580 1336 omne
609 1301 751 1345 tempus
781 1298 948 1334 iunxerat
976 1296 1175 1334 sodalitas:

147 1352 257 1390 Stant
283 1352 404 1400 parati
431 1351 523 1389 ferre
551 1351 729 1399 quidquid
757 1362 834 1388 sors
862 1350 1009 1388 tulisset
1035 1349 1165 1386 ultima
1180 1379 1188 1394 ‚

206 1480 252 1519 (1)
269 1480 400 1519 palliis.
423 1480 517 1514 Velis,
540 1480 661 1510 vexillis
694 1480 784 1510 vento
807 1479 935 1514 inflatis,
960 1479 991 1508 in
1016 1486 1074 1515 quo
1097 1478 1201 1514 draco,
1228 1478 1274 1508 vel

146 1521 230 1552 aliud
252 1521 366 1552 animal
389 1522 590 1557 effingeretur.

209 1563 254 1601 (2)
277 1563 413 1592 Israelis
434 1566 585 1600 posteros.
609 1562 812 1593 Christianos.

208 1604 253 1642 (3)
275 1604 391 1633 ductor
411 1604 605 1633 mundialis.
622 1604 746 1641 Imperii
773 1604 889 1632 romani
915 1602 988 1632 dux.
1011 1602 1158 1640 Quisnam
1180 1601 1276 1631 suerit

147 1645 197 1676 hic
218 1645 327 1675 ductor
349 1645 471 1674 haurire
485 1654 633 1681 nusquam
650 1646 746 1682 potui.
766 1645 930 1674 Mundialis
946 1645 1060 1679 autem,
1077 1652 1131 1681 pro
1146 1652 1180 1673 eo
1197 1643 1275 1679 quod

146 1689 194 1718 est
216 1687 413 1721 mundanae,
437 1695 494 1716 vox
516 1689 563 1716 est
585 1687 654 1716 aevi
676 1686 848 1716 deterioris,
867 1686 902 1715 V.
930 1684 1076 1730 Καθημ,
1102 1685 1131 1715 1.
1161 1685 1197 1714 V.
1221 1686 1272 1714 90.

210 1734 254 1771 (4)
277 1735 390 1764 Litare
410 1736 439 1763 et
459 1734 644 1769 sacrificare
667 1733 739 1769 quid
762 1733 918 1762 differant.
942 1732 1017 1762 Vide
1046 1732 1122 1762 Ans.
1146 1732 1273 1761 Popma

145 1777 193 1806 De
216 1776 418 1813 Differentiis
446 1775 571 1804 Verbor.
597 1775 752 1811 Augustae
767 1775 927 1804 Taurinor.
945 1774 991 1804 Ex
1013 1773 1096 1804 Offic.
1121 1773 1273 1803 Asceterii

143 1817 308 1848 Salesiani.
333 1826 382 1846 an.
408 1824 580 1846 Mocccrxv.

207 1859 252 1896 (5)
279 1858 437 1896 Unqulas.
472 1857 535 1887 Hoc
569 1858 689 1887 nomine
724 1856 848 1894 forcipis
880 1865 973 1892 genus
1005 1856 1162 1892 veniebat.
1195 1855 1274 1891 quod

145 1899 278 1930 serarum
301 1901 429 1936 ungulas
457 1899 601 1934 referret,
625 1902 763 1935 essetque
787 1899 818 1927 in
843 1907 962 1928 summa
983 1901 1071 1935 parte
1099 1897 1272 1926 dentatum.

207 1941 251 1979 (6)
272 1941 388 1976 baccis,
413 1940 459 1970 vel
483 1941 572 1970 bacis
603 1940 749 1978 impedit.
783 1939 892 1974 Bacas,
917 1940 972 1969 aut
994 1939 1103 1968 baccas
1125 1939 1271 1975 interpre=

146 1983 207 2012 tari
223 1981 298 2012 licet
311 1991 404 2019 genus
420 1982 569 2019 quoddam
586 1981 794 2011 catenularum
810 1981 896 2010 nodis
912 1989 1099 2017 asperarum.
1117 1979 1274 2009 Wsrrzns

144 2023 178 2053 et
187 2023 430 2054 Cmmumnnvs
445 2023 565 2059 legunt:
589 2023 681 2057 boiis,
699 2031 758 2058 qua
774 2031 845 2052 voco
857 2022 1048 2058 significatur
1064 2022 1139 2051 item
1154 2021 1273 2056 torquis

147 2073 253 2101 genus,
275 2072 334 2101 quo
354 2065 493 2094 damnati
518 2066 720 2094 afficerentur.

209 2106 254 2144 (7)
275 2106 505 2136 concalescunt.
531 2106 591 2136 Alii
614 2106 848 2135 convalescunt.
872 2104 1007 2135 Priorem
1029 2104 1174 2142 praetuli.

183 2182 217 2210 A.
236 2182 394 2210 Pavonum
416 2182 514 2218 opera.
1184 2181 1200 2208 6
