<?xml version="1.0" encoding="UTF-8"?>
<!DOCTYPE html PUBLIC "-//W3C//DTD XHTML 1.0 Transitional//EN"
    "http://www.w3.org/TR/xhtml1/DTD/xhtml1-transitional.dtd">
<html xmlns="http://www.w3.org/1999/xhtml" xml:lang="en" lang="en">
 <head>
  <title>
</title>
<meta http-equiv="Content-Type" content="text/html;charset=utf-8" />
  <meta name='ocr-system' content='tesseract 3.04.00' />
  <meta name='ocr-capabilities' content='ocr_page ocr_carea ocr_par ocr_line ocrx_word'/>
</head>
<body>
  <div class='ocr_page' id='page_1' title='image "./operapru01pruduoft_0061.png"; bbox 0 0 1502 2537; ppageno 0'>
   <div class='ocr_carea' id='block_1_1' title="bbox 15 119 37 133">
    <p class='ocr_par' dir='ltr' id='par_1_1' title="bbox 15 119 37 133">
     <span class='ocr_line' id='line_1_1' title="bbox 15 119 37 133; baseline -0.045 0"><span class='ocrx_word' id='word_1_1' title='bbox 15 119 37 133; x_wconf 82' lang='grc'><strong>,,</strong></span> 
     </span>
    </p>
   </div>
   <div class='ocr_carea' id='block_1_2' title="bbox 0 167 1213 1880">
    <p class='ocr_par' dir='ltr' id='par_1_2' title="bbox 0 167 1213 1880">
     <span class='ocr_line' id='line_1_2' title="bbox 0 167 1209 209; baseline -0.002 -5"><span class='ocrx_word' id='word_1_2' title='bbox 0 167 12 209; x_wconf 62' lang='lat' dir='ltr'><strong>t</strong></span> <span class='ocrx_word' id='word_1_3' title='bbox 370 176 653 204; x_wconf 71' lang='grc' dir='ltr'><strong>σΑΤιιειιειιιΝοΝ</strong></span> <span class='ocrx_word' id='word_1_4' title='bbox 683 177 832 204; x_wconf 67' lang='lat' dir='ltr'><strong>nmxvs</strong></span> <span class='ocrx_word' id='word_1_5' title='bbox 860 177 901 203; x_wconf 87' lang='lat'><strong>111</strong></span> <span class='ocrx_word' id='word_1_6' title='bbox 1162 167 1209 204; x_wconf 69' lang='lat'><strong>19</strong></span> 
     </span>
     <span class='ocr_line' id='line_1_3' title="bbox 0 270 4 287; baseline 0 0"><span class='ocrx_word' id='word_1_7' title='bbox 0 270 4 287; x_wconf 93' lang='grc' dir='ltr'>Ι</span> 
     </span>
     <span class='ocr_line' id='line_1_4' title="bbox 291 290 924 336; baseline -0.003 -7"><span class='ocrx_word' id='word_1_8' title='bbox 291 291 352 329; x_wconf 84' lang='lat' dir='ltr'><strong>Fit</strong></span> <span class='ocrx_word' id='word_1_9' title='bbox 378 302 461 330; x_wconf 87' lang='lat' dir='ltr'><strong>caro</strong></span> <span class='ocrx_word' id='word_1_10' title='bbox 488 290 611 329; x_wconf 88' lang='lat' dir='ltr'><strong>vivida</strong></span> <span class='ocrx_word' id='word_1_11' title='bbox 637 291 759 329; x_wconf 88' lang='lat' dir='ltr'><strong>Sermo</strong></span> <span class='ocrx_word' id='word_1_12' title='bbox 787 290 924 336; x_wconf 84' lang='lat' dir='ltr'><strong>Patris,</strong></span> 
     </span>
     <span class='ocr_line' id='line_1_5' title="bbox 239 344 887 393; baseline -0.005 -10"><span class='ocrx_word' id='word_1_13' title='bbox 239 344 400 383; x_wconf 81' lang='lat' dir='ltr'><strong>Numine</strong></span> <span class='ocrx_word' id='word_1_14' title='bbox 428 356 533 393; x_wconf 90' lang='lat' dir='ltr'><strong>quem</strong></span> <span class='ocrx_word' id='word_1_15' title='bbox 561 344 736 382; x_wconf 87' lang='lat' dir='ltr'><strong>rutilante</strong></span> <span class='ocrx_word' id='word_1_16' title='bbox 763 344 887 391; x_wconf 81' lang='lat' dir='ltr'><strong>gravis</strong></span> 
     </span>
     <span class='ocr_line' id='line_1_6' title="bbox 243 397 919 445; baseline -0.003 -9"><span class='ocrx_word' id='word_1_17' title='bbox 243 399 327 436; x_wconf 91' lang='lat' dir='ltr'><strong>Non</strong></span> <span class='ocrx_word' id='word_1_18' title='bbox 355 398 532 444; x_wconf 82' lang='lat' dir='ltr'><strong>thalamo,</strong></span> <span class='ocrx_word' id='word_1_19' title='bbox 562 409 676 445; x_wconf 90' lang='lat' dir='ltr'><strong>neque</strong></span> <span class='ocrx_word' id='word_1_20' title='bbox 706 398 782 436; x_wconf 89' lang='lat' dir='ltr'><strong>iure</strong></span> <span class='ocrx_word' id='word_1_21' title='bbox 809 397 919 443; x_wconf 89' lang='lat' dir='ltr'><strong>thori,</strong></span> 
     </span>
     <span class='ocr_line' id='line_1_7' title="bbox 240 451 756 498; baseline -0.002 -9"><span class='ocrx_word' id='word_1_22' title='bbox 240 452 317 489; x_wconf 86' lang='lat' dir='ltr'><strong>Nec</strong></span> <span class='ocrx_word' id='word_1_23' title='bbox 344 451 551 498; x_wconf 78' lang='lat' dir='ltr'>genialibus</span> <span class='ocrx_word' id='word_1_24' title='bbox 579 451 756 488; x_wconf 78' lang='lat' dir='ltr'><strong>illecebris</strong></span> 
     </span>
     <span class='ocr_line' id='line_1_8' title="bbox 216 503 1211 551; baseline -0.002 -9"><span class='ocrx_word' id='word_1_25' title='bbox 216 511 224 528; x_wconf 84' lang='lat'><strong>-&#39;</strong></span> <span class='ocrx_word' id='word_1_26' title='bbox 240 505 462 542; x_wconf 77' lang='lat' dir='ltr'><strong>Intemerata</strong></span> <span class='ocrx_word' id='word_1_27' title='bbox 490 504 610 551; x_wconf 87' lang='lat' dir='ltr'><strong>puella</strong></span> <span class='ocrx_word' id='word_1_28' title='bbox 637 504 747 551; x_wconf 86' lang='lat' dir='ltr'><strong>parit.</strong></span> <span class='ocrx_word' id='word_1_29' title='bbox 1138 503 1211 540; x_wconf 65' lang='lat'><strong>145</strong></span> 
     </span>
     <span class='ocr_line' id='line_1_9' title="bbox 293 555 981 604; baseline -0.001 -10"><span class='ocrx_word' id='word_1_30' title='bbox 293 557 372 595; x_wconf 85' lang='lat' dir='ltr'><strong>Hoc</strong></span> <span class='ocrx_word' id='word_1_31' title='bbox 400 557 520 594; x_wconf 90' lang='lat' dir='ltr'><strong>odium</strong></span> <span class='ocrx_word' id='word_1_32' title='bbox 549 559 654 595; x_wconf 83' lang='lat' dir='ltr'><strong>vetus</strong></span> <span class='ocrx_word' id='word_1_33' title='bbox 682 557 773 594; x_wconf 90' lang='lat' dir='ltr'><strong>illud</strong></span> <span class='ocrx_word' id='word_1_34' title='bbox 800 558 878 594; x_wconf 84' lang='lat' dir='ltr'><strong>erat</strong></span> <span class='ocrx_word' id='word_1_35' title='bbox 907 555 981 604; x_wconf 89' lang='lat'><strong>(1),</strong></span> 
     </span>
     <span class='ocr_line' id='line_1_10' title="bbox 240 610 913 657; baseline 0 -9"><span class='ocrx_word' id='word_1_36' title='bbox 240 611 320 648; x_wconf 88' lang='lat' dir='ltr'><strong>Hoc</strong></span> <span class='ocrx_word' id='word_1_37' title='bbox 347 612 425 648; x_wconf 87' lang='lat' dir='ltr'><strong>erat</strong></span> <span class='ocrx_word' id='word_1_38' title='bbox 451 610 590 657; x_wconf 76' lang='lat' dir='ltr'><strong>aspidis</strong></span> <span class='ocrx_word' id='word_1_39' title='bbox 618 612 726 657; x_wconf 84' lang='lat' dir='ltr'><strong>atque</strong></span> <span class='ocrx_word' id='word_1_40' title='bbox 755 610 913 648; x_wconf 77' lang='lat' dir='ltr'><strong>hominis</strong></span> 
     </span>
     <span class='ocr_line' id='line_1_11' title="bbox 240 663 718 711; baseline -0.004 -10"><span class='ocrx_word' id='word_1_41' title='bbox 240 663 485 711; x_wconf 82' lang='lat' dir='ltr'><strong>Digladiabile</strong></span> <span class='ocrx_word' id='word_1_42' title='bbox 512 663 718 709; x_wconf 84' lang='lat' dir='ltr'><strong>discidium,</strong></span> 
     </span>
     <span class='ocr_line' id='line_1_12' title="bbox 239 716 850 762; baseline -0.002 -8"><span class='ocrx_word' id='word_1_43' title='bbox 239 716 342 762; x_wconf 83' lang='lat' dir='ltr'><strong>Quod</strong></span> <span class='ocrx_word' id='word_1_44' title='bbox 369 716 473 754; x_wconf 89' lang='lat' dir='ltr'><strong>modo</strong></span> <span class='ocrx_word' id='word_1_45' title='bbox 500 727 634 754; x_wconf 86' lang='lat' dir='ltr'><strong>cernua</strong></span> <span class='ocrx_word' id='word_1_46' title='bbox 661 716 850 754; x_wconf 77' lang='lat' dir='ltr'><strong>foemineis</strong></span> 
     </span>
     <span class='ocr_line' id='line_1_13' title="bbox 241 768 1212 817; baseline -0.002 -10"><span class='ocrx_word' id='word_1_47' title='bbox 241 769 374 817; x_wconf 75' lang='lat' dir='ltr'><strong>Vipera</strong></span> <span class='ocrx_word' id='word_1_48' title='bbox 401 770 596 817; x_wconf 77' lang='lat' dir='ltr'><strong>proteritur</strong></span> <span class='ocrx_word' id='word_1_49' title='bbox 623 769 774 816; x_wconf 85' lang='lat' dir='ltr'><strong>pedibus</strong></span> <span class='ocrx_word' id='word_1_50' title='bbox 804 770 876 817; x_wconf 75' lang='lat'>(2).</span> <span class='ocrx_word' id='word_1_51' title='bbox 1138 768 1212 805; x_wconf 78' lang='grc'><strong>150</strong></span> 
     </span>
     <span class='ocr_line' id='line_1_14' title="bbox 295 823 894 870; baseline -0.002 -10"><span class='ocrx_word' id='word_1_52' title='bbox 295 823 408 860; x_wconf 88' lang='lat' dir='ltr'><strong>Edere</strong></span> <span class='ocrx_word' id='word_1_53' title='bbox 437 834 592 870; x_wconf 84' lang='lat' dir='ltr'><strong>namque</strong></span> <span class='ocrx_word' id='word_1_54' title='bbox 621 823 736 860; x_wconf 83' lang='lat' dir='ltr'><strong>Deum</strong></span> <span class='ocrx_word' id='word_1_55' title='bbox 765 823 894 860; x_wconf 77' lang='lat' dir='ltr'><strong>merita</strong></span> 
     </span>
     <span class='ocr_line' id='line_1_15' title="bbox 241 876 855 923; baseline -0.003 -9"><span class='ocrx_word' id='word_1_56' title='bbox 241 876 374 914; x_wconf 88' lang='lat' dir='ltr'><strong>Omnia</strong></span> <span class='ocrx_word' id='word_1_57' title='bbox 400 876 514 923; x_wconf 85' lang='lat' dir='ltr'><strong>Virgo</strong></span> <span class='ocrx_word' id='word_1_58' title='bbox 543 887 683 913; x_wconf 85' lang='lat' dir='ltr'><strong>venena</strong></span> <span class='ocrx_word' id='word_1_59' title='bbox 711 876 855 913; x_wconf 84' lang='lat' dir='ltr'><strong>domat:</strong></span> 
     </span>
     <span class='ocr_line' id='line_1_16' title="bbox 239 928 840 977; baseline 0 -11"><span class='ocrx_word' id='word_1_60' title='bbox 239 929 431 967; x_wconf 86' lang='lat' dir='ltr'><strong>Tractibus</strong></span> <span class='ocrx_word' id='word_1_61' title='bbox 459 928 592 977; x_wconf 86' lang='lat' dir='ltr'><strong>anguis</strong></span> <span class='ocrx_word' id='word_1_62' title='bbox 620 928 840 976; x_wconf 79' lang='lat' dir='ltr'><strong>inexplicitis</strong></span> 
     </span>
     <span class='ocr_line' id='line_1_17' title="bbox 240 982 838 1029; baseline -0.002 -10"><span class='ocrx_word' id='word_1_63' title='bbox 240 982 351 1020; x_wconf 86' lang='lat' dir='ltr'><strong>Virus</strong></span> <span class='ocrx_word' id='word_1_64' title='bbox 378 982 513 1019; x_wconf 88' lang='lat' dir='ltr'><strong>inerme</strong></span> <span class='ocrx_word' id='word_1_65' title='bbox 542 982 645 1029; x_wconf 83' lang='lat' dir='ltr'><strong>piger</strong></span> <span class='ocrx_word' id='word_1_66' title='bbox 671 982 838 1028; x_wconf 86' lang='lat' dir='ltr'><strong>revomit,</strong></span> 
     </span>
     <span class='ocr_line' id='line_1_18' title="bbox 240 1034 1211 1073; baseline -0.002 0"><span class='ocrx_word' id='word_1_67' title='bbox 240 1035 411 1073; x_wconf 81' lang='lat' dir='ltr'><strong>Gramine</strong></span> <span class='ocrx_word' id='word_1_68' title='bbox 439 1034 605 1073; x_wconf 87' lang='lat' dir='ltr'><strong>concolor</strong></span> <span class='ocrx_word' id='word_1_69' title='bbox 633 1034 670 1072; x_wconf 90' lang='lat' dir='ltr'><strong>in</strong></span> <span class='ocrx_word' id='word_1_70' title='bbox 699 1034 821 1072; x_wconf 86' lang='lat' dir='ltr'><strong>viridi.</strong></span> <span class='ocrx_word' id='word_1_71' title='bbox 1138 1035 1211 1071; x_wconf 74' lang='lat'><strong>155</strong></span> 
     </span>
     <span class='ocr_line' id='line_1_19' title="bbox 292 1087 978 1136; baseline -0.001 -10"><span class='ocrx_word' id='word_1_72' title='bbox 292 1089 390 1134; x_wconf 82' lang='lat' dir='ltr'><strong>Quae</strong></span> <span class='ocrx_word' id='word_1_73' title='bbox 419 1087 544 1126; x_wconf 87' lang='lat' dir='ltr'><strong>feritas</strong></span> <span class='ocrx_word' id='word_1_74' title='bbox 572 1088 677 1125; x_wconf 90' lang='lat' dir='ltr'><strong>modo</strong></span> <span class='ocrx_word' id='word_1_75' title='bbox 706 1099 779 1125; x_wconf 91' lang='lat' dir='ltr'><strong>non</strong></span> <span class='ocrx_word' id='word_1_76' title='bbox 806 1088 978 1136; x_wconf 79' lang='lat' dir='ltr'><strong>trepidat,</strong></span> 
     </span>
     <span class='ocr_line' id='line_1_20' title="bbox 238 1141 834 1189; baseline -0.002 -10"><span class='ocrx_word' id='word_1_77' title='bbox 238 1141 380 1179; x_wconf 85' lang='lat' dir='ltr'><strong>Territa</strong></span> <span class='ocrx_word' id='word_1_78' title='bbox 407 1141 450 1179; x_wconf 87' lang='lat' dir='ltr'><strong>de</strong></span> <span class='ocrx_word' id='word_1_79' title='bbox 478 1153 587 1189; x_wconf 85' lang='lat' dir='ltr'><strong>grege</strong></span> <span class='ocrx_word' id='word_1_80' title='bbox 616 1141 834 1179; x_wconf 80' lang='lat' dir='ltr'><strong>candidulo?</strong></span> 
     </span>
     <span class='ocr_line' id='line_1_21' title="bbox 239 1194 822 1242; baseline 0.002 -11"><span class='ocrx_word' id='word_1_81' title='bbox 239 1194 452 1242; x_wconf 89' lang='lat' dir='ltr'><strong>Impavidas</strong></span> <span class='ocrx_word' id='word_1_82' title='bbox 478 1194 588 1241; x_wconf 89' lang='lat' dir='ltr'><strong>lupus</strong></span> <span class='ocrx_word' id='word_1_83' title='bbox 616 1194 711 1232; x_wconf 83' lang='lat' dir='ltr'><strong>inter</strong></span> <span class='ocrx_word' id='word_1_84' title='bbox 738 1205 822 1232; x_wconf 88' lang='lat' dir='ltr'><strong>oves</strong></span> 
     </span>
     <span class='ocr_line' id='line_1_22' title="bbox 178 1247 896 1293; baseline -0.001 -8"><span class='ocrx_word' id='word_1_85' title='bbox 178 1259 184 1264; x_wconf 94' lang='lat'>·</span> <span class='ocrx_word' id='word_1_86' title='bbox 238 1247 370 1285; x_wconf 88' lang='lat' dir='ltr'><strong>Tristis</strong></span> <span class='ocrx_word' id='word_1_87' title='bbox 397 1247 621 1293; x_wconf 84' lang='lat' dir='ltr'><strong>obambulat,</strong></span> <span class='ocrx_word' id='word_1_88' title='bbox 652 1251 688 1285; x_wconf 85' lang='lat' dir='ltr'><strong>et</strong></span> <span class='ocrx_word' id='word_1_89' title='bbox 713 1248 896 1293; x_wconf 88' lang='lat' dir='ltr'><strong>rabidum,</strong></span> 
     </span>
     <span class='ocr_line' id='line_1_23' title="bbox 238 1299 1212 1349; baseline -0.001 -10"><span class='ocrx_word' id='word_1_90' title='bbox 238 1300 438 1349; x_wconf 86' lang='lat' dir='ltr'><strong>Sanguinis</strong></span> <span class='ocrx_word' id='word_1_91' title='bbox 464 1301 664 1345; x_wconf 86' lang='lat' dir='ltr'><strong>immemor,</strong></span> <span class='ocrx_word' id='word_1_92' title='bbox 696 1312 736 1339; x_wconf 89' lang='lat' dir='ltr'><strong>os</strong></span> <span class='ocrx_word' id='word_1_93' title='bbox 762 1301 920 1338; x_wconf 89' lang='lat' dir='ltr'><strong>cohibet.</strong></span> <span class='ocrx_word' id='word_1_94' title='bbox 1138 1299 1212 1338; x_wconf 82' lang='lat'><strong>160</strong></span> 
     </span>
     <span class='ocr_line' id='line_1_24' title="bbox 291 1354 836 1403; baseline 0 -11"><span class='ocrx_word' id='word_1_95' title='bbox 291 1355 424 1403; x_wconf 84' lang='lat' dir='ltr'><strong>Agnus</strong></span> <span class='ocrx_word' id='word_1_96' title='bbox 451 1354 549 1391; x_wconf 86' lang='lat' dir='ltr'><strong>enim</strong></span> <span class='ocrx_word' id='word_1_97' title='bbox 577 1354 654 1391; x_wconf 82' lang='lat' dir='ltr'><strong>vice</strong></span> <span class='ocrx_word' id='word_1_98' title='bbox 683 1354 836 1392; x_wconf 86' lang='lat' dir='ltr'><strong>mirifica</strong></span> 
     </span>
     <span class='ocr_line' id='line_1_25' title="bbox 239 1407 762 1454; baseline -0.002 -9"><span class='ocrx_word' id='word_1_99' title='bbox 239 1408 332 1445; x_wconf 82' lang='lat' dir='ltr'><strong>Ecce</strong></span> <span class='ocrx_word' id='word_1_100' title='bbox 358 1407 524 1445; x_wconf 88' lang='lat' dir='ltr'><strong>leonibus</strong></span> <span class='ocrx_word' id='word_1_101' title='bbox 551 1407 762 1454; x_wconf 82' lang='lat' dir='ltr'><strong>imperitat3</strong></span> 
     </span>
     <span class='ocr_line' id='line_1_26' title="bbox 240 1460 831 1508; baseline 0 -10"><span class='ocrx_word' id='word_1_102' title='bbox 240 1460 513 1508; x_wconf 84' lang='lat' dir='ltr'><strong>Exagitansque</strong></span> <span class='ocrx_word' id='word_1_103' title='bbox 539 1461 660 1498; x_wconf 87' lang='lat' dir='ltr'><strong>truces</strong></span> <span class='ocrx_word' id='word_1_104' title='bbox 688 1460 831 1508; x_wconf 84' lang='lat' dir='ltr'><strong>aquilas</strong></span> 
     </span>
     <span class='ocr_line' id='line_1_27' title="bbox 241 1512 896 1561; baseline 0 -10"><span class='ocrx_word' id='word_1_105' title='bbox 241 1514 310 1551; x_wconf 74' lang='lat' dir='ltr'><strong>Per</strong></span> <span class='ocrx_word' id='word_1_106' title='bbox 336 1524 433 1561; x_wconf 85' lang='lat' dir='ltr'><strong>vaga</strong></span> <span class='ocrx_word' id='word_1_107' title='bbox 459 1512 600 1559; x_wconf 88' lang='lat' dir='ltr'><strong>nubila,</strong></span> <span class='ocrx_word' id='word_1_108' title='bbox 631 1525 764 1561; x_wconf 85' lang='lat' dir='ltr'><strong>perque</strong></span> <span class='ocrx_word' id='word_1_109' title='bbox 792 1515 896 1551; x_wconf 88' lang='lat' dir='ltr'><strong>notes</strong></span> 
     </span>
     <span class='ocr_line' id='line_1_28' title="bbox 179 1565 1213 1615; baseline 0 -12"><span class='ocrx_word' id='word_1_110' title='bbox 179 1567 183 1570; x_wconf 83' lang='grc'><strong>“</strong></span> <span class='ocrx_word' id='word_1_111' title='bbox 239 1566 359 1604; x_wconf 90' lang='lat' dir='ltr'><strong>Sidere</strong></span> <span class='ocrx_word' id='word_1_112' title='bbox 386 1566 491 1614; x_wconf 86' lang='lat' dir='ltr'><strong>lapsa</strong></span> <span class='ocrx_word' id='word_1_113' title='bbox 518 1566 685 1604; x_wconf 87' lang='lat' dir='ltr'><strong>columba</strong></span> <span class='ocrx_word' id='word_1_114' title='bbox 711 1566 830 1615; x_wconf 85' lang='lat' dir='ltr'><strong>fugat.</strong></span> <span class='ocrx_word' id='word_1_115' title='bbox 1138 1565 1213 1604; x_wconf 69' lang='lat'><strong>160</strong></span> 
     </span>
     <span class='ocr_line' id='line_1_29' title="bbox 292 1619 1034 1667; baseline 0.001 -10"><span class='ocrx_word' id='word_1_116' title='bbox 292 1621 347 1657; x_wconf 87' lang='lat' dir='ltr'><strong>Tu</strong></span> <span class='ocrx_word' id='word_1_117' title='bbox 375 1619 479 1665; x_wconf 86' lang='lat' dir='ltr'><strong>mihi,</strong></span> <span class='ocrx_word' id='word_1_118' title='bbox 511 1619 668 1666; x_wconf 84' lang='lat' dir='ltr'><strong>Christe,</strong></span> <span class='ocrx_word' id='word_1_119' title='bbox 698 1620 865 1658; x_wconf 86' lang='lat' dir='ltr'><strong>columba</strong></span> <span class='ocrx_word' id='word_1_120' title='bbox 891 1621 1034 1667; x_wconf 85' lang='lat' dir='ltr'><strong>potens,</strong></span> 
     </span>
     <span class='ocr_line' id='line_1_30' title="bbox 239 1672 994 1722; baseline 0.001 -12"><span class='ocrx_word' id='word_1_121' title='bbox 239 1672 426 1721; x_wconf 82' lang='lat' dir='ltr'><strong>Sanguine</strong></span> <span class='ocrx_word' id='word_1_122' title='bbox 454 1674 562 1720; x_wconf 86' lang='lat' dir='ltr'><strong>pasta</strong></span> <span class='ocrx_word' id='word_1_123' title='bbox 589 1672 648 1711; x_wconf 89' lang='lat' dir='ltr'><strong>cui</strong></span> <span class='ocrx_word' id='word_1_124' title='bbox 675 1673 771 1711; x_wconf 86' lang='lat' dir='ltr'><strong>cedit</strong></span> <span class='ocrx_word' id='word_1_125' title='bbox 799 1673 879 1711; x_wconf 85' lang='lat' dir='ltr'><strong>avis</strong></span> <span class='ocrx_word' id='word_1_126' title='bbox 909 1673 994 1722; x_wconf 85' lang='lat'>(3);</span> 
     </span>
     <span class='ocr_line' id='line_1_31' title="bbox 240 1724 795 1773; baseline -0.002 -9"><span class='ocrx_word' id='word_1_127' title='bbox 240 1727 295 1764; x_wconf 87' lang='lat' dir='ltr'><strong>Tu</strong></span> <span class='ocrx_word' id='word_1_128' title='bbox 322 1725 451 1764; x_wconf 87' lang='lat' dir='ltr'><strong>niveus</strong></span> <span class='ocrx_word' id='word_1_129' title='bbox 478 1736 543 1773; x_wconf 87' lang='lat' dir='ltr'><strong>per</strong></span> <span class='ocrx_word' id='word_1_130' title='bbox 570 1724 663 1763; x_wconf 85' lang='lat' dir='ltr'><strong>ovile</strong></span> <span class='ocrx_word' id='word_1_131' title='bbox 691 1727 795 1763; x_wconf 89' lang='lat' dir='ltr'><strong>tuum</strong></span> 
     </span>
     <span class='ocr_line' id='line_1_32' title="bbox 239 1778 867 1827; baseline -0.002 -10"><span class='ocrx_word' id='word_1_132' title='bbox 239 1781 372 1827; x_wconf 82' lang='lat' dir='ltr'><strong>Agnus</strong></span> <span class='ocrx_word' id='word_1_133' title='bbox 400 1778 501 1816; x_wconf 85' lang='lat' dir='ltr'><strong>hiare</strong></span> <span class='ocrx_word' id='word_1_134' title='bbox 529 1778 655 1826; x_wconf 91' lang='lat' dir='ltr'><strong>lupum</strong></span> <span class='ocrx_word' id='word_1_135' title='bbox 682 1779 867 1826; x_wconf 88' lang='lat' dir='ltr'><strong>prohibes,</strong></span> 
     </span>
     <span class='ocr_line' id='line_1_33' title="bbox 242 1831 1213 1880; baseline 0.002 -11"><span class='ocrx_word' id='word_1_136' title='bbox 242 1832 316 1870; x_wconf 89' lang='lat' dir='ltr'><strong>Sub</strong></span> <span class='ocrx_word' id='word_1_137' title='bbox 342 1831 432 1880; x_wconf 89' lang='lat' dir='ltr'><strong>iuga</strong></span> <span class='ocrx_word' id='word_1_138' title='bbox 458 1831 606 1880; x_wconf 86' lang='lat' dir='ltr'><strong>tigridis</strong></span> <span class='ocrx_word' id='word_1_139' title='bbox 634 1842 697 1870; x_wconf 88' lang='lat' dir='ltr'><strong>ora</strong></span> <span class='ocrx_word' id='word_1_140' title='bbox 724 1843 905 1879; x_wconf 89' lang='lat' dir='ltr'><strong>premens.</strong></span> <span class='ocrx_word' id='word_1_141' title='bbox 1137 1831 1213 1872; x_wconf 88' lang='grc'><strong>170</strong></span> 
     </span>
    </p>
   </div>
   <div class='ocr_carea' id='block_1_3' title="bbox 0 1715 1213 2148">
    <p class='ocr_par' dir='ltr' id='par_1_3' title="bbox 0 1715 5 1819">
     <span class='ocr_line' id='line_1_34' title="bbox 0 1715 4 1735; baseline 0 0"><span class='ocrx_word' id='word_1_142' title='bbox 0 1715 4 1735; x_wconf 77' lang='grc' dir='ltr'><strong><em>ι</em></strong></span> 
     </span>
     <span class='ocr_line' id='line_1_35' title="bbox 0 1801 5 1819; baseline 0 0"><span class='ocrx_word' id='word_1_143' title='bbox 0 1801 5 1819; x_wconf 66' lang='lat' dir='ltr'><strong>i</strong></span> 
     </span>
    </p>

    <p class='ocr_par' dir='ltr' id='par_1_4' title="bbox 0 1922 10 1940">
     <span class='ocr_line' id='line_1_36' title="bbox 0 1922 10 1940; baseline 0 -8"><span class='ocrx_word' id='word_1_144' title='bbox 0 1922 10 1940; x_wconf 54' lang='grc' dir='ltr'>Ἰ</span> 
     </span>
    </p>

    <p class='ocr_par' dir='ltr' id='par_1_5' title="bbox 0 1942 702 2010">
     <span class='ocr_line' id='line_1_37' title="bbox 0 1942 702 2010; baseline 0 -37"><span class='ocrx_word' id='word_1_145' title='bbox 0 1942 10 2010; x_wconf 55' lang='grc' dir='ltr'>ἓ</span> <span class='ocrx_word' id='word_1_146' title='bbox 148 1942 195 1982; x_wconf 87' lang='grc'><strong>(1)</strong></span> <span class='ocrx_word' id='word_1_147' title='bbox 219 1944 286 1974; x_wconf 80' lang='lat' dir='ltr'><strong>Hoc</strong></span> <span class='ocrx_word' id='word_1_148' title='bbox 307 1943 430 1974; x_wconf 80' lang='lat' dir='ltr'><strong>odium.</strong></span> <span class='ocrx_word' id='word_1_149' title='bbox 455 1944 491 1974; x_wconf 88' lang='lat' dir='ltr'><strong>V.</strong></span> <span class='ocrx_word' id='word_1_150' title='bbox 519 1944 630 1974; x_wconf 80' lang='lat' dir='ltr'><strong>Genes.</strong></span> <span class='ocrx_word' id='word_1_151' title='bbox 655 1952 702 1974; x_wconf 90' lang='lat'>111.</span> 
     </span>
    </p>

    <p class='ocr_par' dir='ltr' id='par_1_6' title="bbox 0 1985 1213 2100">
     <span class='ocr_line' id='line_1_38' title="bbox 1 1985 1212 2023; baseline 0.003 -10"><span class='ocrx_word' id='word_1_152' title='bbox 1 2010 12 2021; x_wconf 37' lang='grc' dir='ltr'><strong><em>Δ</em></strong></span> <span class='ocrx_word' id='word_1_153' title='bbox 148 1985 193 2023; x_wconf 84' lang='lat'><strong>(2)</strong></span> <span class='ocrx_word' id='word_1_154' title='bbox 222 1985 352 2023; x_wconf 80' lang='lat' dir='ltr'><strong>Vipera.</strong></span> <span class='ocrx_word' id='word_1_155' title='bbox 367 1985 417 2015; x_wconf 85' lang='lat' dir='ltr'><strong>Vel</strong></span> <span class='ocrx_word' id='word_1_156' title='bbox 431 1986 469 2015; x_wconf 86' lang='lat' dir='ltr'><strong>ab</strong></span> <span class='ocrx_word' id='word_1_157' title='bbox 483 1985 592 2015; x_wconf 81' lang='lat' dir='ltr'><strong>ultima</strong></span> <span class='ocrx_word' id='word_1_158' title='bbox 603 1985 772 2016; x_wconf 82' lang='lat' dir='ltr'><strong>Christiani</strong></span> <span class='ocrx_word' id='word_1_159' title='bbox 789 1986 920 2016; x_wconf 85' lang='lat' dir='ltr'><strong>nominis</strong></span> <span class='ocrx_word' id='word_1_160' title='bbox 933 1987 1036 2017; x_wconf 84' lang='lat' dir='ltr'><strong>aetate</strong></span> <span class='ocrx_word' id='word_1_161' title='bbox 1050 1987 1143 2023; x_wconf 79' lang='lat' dir='ltr'><strong>Virgo</strong></span> <span class='ocrx_word' id='word_1_162' title='bbox 1158 1987 1212 2017; x_wconf 85' lang='lat' dir='ltr'><strong>Dei</strong></span> 
     </span>
     <span class='ocr_line' id='line_1_39' title="bbox 0 2023 1213 2065; baseline 0.002 -10"><span class='ocrx_word' id='word_1_163' title='bbox 0 2023 11 2060; x_wconf 57' lang='grc' dir='ltr'><strong>,ἱ</strong></span> <span class='ocrx_word' id='word_1_164' title='bbox 82 2026 183 2056; x_wconf 72' lang='lat' dir='ltr'><strong>Mater</strong></span> <span class='ocrx_word' id='word_1_165' title='bbox 193 2028 363 2064; x_wconf 73' lang='lat' dir='ltr'><strong>sementem</strong></span> <span class='ocrx_word' id='word_1_166' title='bbox 375 2027 431 2056; x_wconf 89' lang='lat' dir='ltr'><strong>sub</strong></span> <span class='ocrx_word' id='word_1_167' title='bbox 442 2027 570 2064; x_wconf 86' lang='lat' dir='ltr'><strong>pedibus</strong></span> <span class='ocrx_word' id='word_1_168' title='bbox 583 2027 703 2056; x_wconf 74' lang='lat' dir='ltr'><strong>calcans</strong></span> <span class='ocrx_word' id='word_1_169' title='bbox 715 2029 1013 2065; x_wconf 81' lang='lat' dir='ltr'><strong>repraesentabatur.</strong></span> <span class='ocrx_word' id='word_1_170' title='bbox 1023 2029 1125 2064; x_wconf 83' lang='lat' dir='ltr'><strong>Igitur</strong></span> <span class='ocrx_word' id='word_1_171' title='bbox 1137 2028 1213 2058; x_wconf 80' lang='lat' dir='ltr'><strong>salso</strong></span> 
     </span>
     <span class='ocr_line' id='line_1_40' title="bbox 83 2067 1211 2100; baseline 0.002 -2"><span class='ocrx_word' id='word_1_172' title='bbox 83 2067 282 2098; x_wconf 77' lang='lat' dir='ltr'><strong>Calvinianae</strong></span> <span class='ocrx_word' id='word_1_173' title='bbox 292 2067 451 2098; x_wconf 75' lang='lat' dir='ltr'><strong>doctrinae</strong></span> <span class='ocrx_word' id='word_1_174' title='bbox 463 2070 630 2099; x_wconf 76' lang='lat' dir='ltr'><strong>sectatores</strong></span> <span class='ocrx_word' id='word_1_175' title='bbox 641 2076 694 2098; x_wconf 90' lang='lat' dir='ltr'><strong>nos</strong></span> <span class='ocrx_word' id='word_1_176' title='bbox 703 2068 759 2098; x_wconf 80' lang='lat' dir='ltr'><strong>hae</strong></span> <span class='ocrx_word' id='word_1_177' title='bbox 771 2069 801 2097; x_wconf 92' lang='lat' dir='ltr'><strong>in</strong></span> <span class='ocrx_word' id='word_1_178' title='bbox 814 2078 846 2099; x_wconf 82' lang='lat' dir='ltr'><strong>re</strong></span> <span class='ocrx_word' id='word_1_179' title='bbox 858 2070 1007 2099; x_wconf 81' lang='lat' dir='ltr'><strong>novitatis</strong></span> <span class='ocrx_word' id='word_1_180' title='bbox 1019 2069 1211 2100; x_wconf 81' lang='lat' dir='ltr'><strong>insimulant.</strong></span> 
     </span>
    </p>

    <p class='ocr_par' dir='ltr' id='par_1_7' title="bbox 147 2109 797 2148">
     <span class='ocr_line' id='line_1_41' title="bbox 147 2109 797 2148; baseline -0.002 -8"><span class='ocrx_word' id='word_1_181' title='bbox 147 2109 193 2148; x_wconf 83' lang='lat'><strong>(3)</strong></span> <span class='ocrx_word' id='word_1_182' title='bbox 216 2110 298 2139; x_wconf 74' lang='lat' dir='ltr'><strong>avis.</strong></span> <span class='ocrx_word' id='word_1_183' title='bbox 321 2109 448 2146; x_wconf 78' lang='lat' dir='ltr'><strong>Aquila;</strong></span> <span class='ocrx_word' id='word_1_184' title='bbox 473 2110 506 2140; x_wconf 82' lang='lat' dir='ltr'><strong>et</strong></span> <span class='ocrx_word' id='word_1_185' title='bbox 526 2109 635 2140; x_wconf 71' lang='lat' dir='ltr'><strong>transl.</strong></span> <span class='ocrx_word' id='word_1_186' title='bbox 659 2109 797 2140; x_wconf 84' lang='lat' dir='ltr'><strong>daemon.</strong></span> 
     </span>
    </p>
   </div>
  </div>
 </body>
</html>
