1450 2537
203 145 277 184 116

584 158 732 184 Avitum!
761 158 957 185 PRVDENTII

414 270 517 307 Haec
545 269 624 307 sine
652 269 798 307 fletibus
827 270 863 306 et
889 269 1029 317 gemitu

361 323 476 360 Laeta
504 323 659 360 canebat
686 325 721 359 et
750 322 954 369 intrepida:

362 376 472 412 Dirus
502 376 605 412 abest
633 375 734 411 dolor
761 387 805 412 ex
833 375 971 420 auimo,

364 429 596 475 Membraque
625 428 724 474 picta
751 439 875 465 cruore
904 440 998 466 novo

362 482 476 518 Fonte
505 482 625 518 cutem
650 481 832 518 recalente
861 480 1004 518 lavant.

416 534 554 570 Ultima
583 533 798 571 carnificina
826 534 972 580 dehinc,
1013 534 1072 583 (1)

359 588 443 623 Nou
473 587 646 623 laceratio
674 587 865 633 vulnifica,

360 641 466 677 Crate
494 641 602 677 tenus
630 651 696 676 nec
725 640 831 677 arata
858 639 970 690 cutis,
1011 640 1070 689 (2)

359 693 525 729 Flamma
554 693 616 730 sed
644 692 805 740 undique
833 693 1068 740 lampadibus

360 747 404 783 In
433 745 549 782 latera
577 746 876 793 stomachumque
903 746 1007 784 furit.

413 798 533 836 Crinis
562 799 693 836 odorus
721 800 763 836 ut
790 799 830 835 in
858 799 1007 847 iugulos
1037 799 1096 848 (3)

359 851 544 896 Fluxerat,
575 851 776 889 involitans
804 852 980 899 humeris,

358 906 434 949 Quo
463 905 677 951 pudibunda
704 905 885 952 pudicit-ia

357 957 627 1005 Virgineusque
655 957 788 994 lateret
815 958 932 996 honos
948 988 956 1004 ,

356 1011 529 1058 Tegmine
558 1010 705 1048 verticis
733 1011 898 1058 opposito
913 1026 926 1062 ⁶:
950 1011 1008 1059 (4)

412 1064 577 1100 Flamma
604 1075 757 1111 crepans
785 1063 886 1101 volat
913 1063 953 1101 in
981 1064 1128 1110 faciem,

356 1118 497 1164 Perque
525 1127 648 1154 comas
676 1118 849 1164 vegetata
876 1119 987 1164 caput

356 1171 534 1217 Occupat,
566 1171 831 1217 exsuperatque
860 1171 1026 1217 apicem:

355 1223 484 1270 Virgo,
516 1223 630 1260 citum
657 1222 808 1270 cupiens
837 1223 991 1269 obitum,

348 1276 501 1323 Appetit
528 1277 564 1313 et
590 1275 684 1313 bibit
711 1287 770 1313 ore
798 1287 941 1324 rogum.
967 1275 1025 1323 (5)

405 1329 549 1366 Emicat
574 1328 658 1366 inde
686 1329 854 1366 columba
880 1340 1024 1377 repens,
1048 1327 1107 1377 (6)

352 1382 527 1430 Martyris
556 1392 596 1419 os
623 1382 707 1419 nive
736 1382 927 1420 candidior

352 1436 443 1473 Visa
469 1435 688 1482 relinquere,
719 1438 755 1472 et
774 1437 876 1472 astra
905 1434 1021 1482 sequi.

349 1488 507 1535 Spiritus
534 1488 594 1526 hic
623 1489 702 1525 erat
730 1488 923 1525 EVLALIAE

350 1541 558 1588 Lacteolus,
590 1541 697 1587 celer,
729 1541 924 1579 innocuus.

1253 482 1328 520 145

1250 1010 1325 1048 155

1246 1274 1323 1314 160

1243 1540 1320 1580 165

253 1666 297 1703 (1)
331 1666 450 1695 ultima
483 1665 691 1702 carnificina.
725 1664 900 1700 Cruciatus,
931 1667 1115 1693 tormentum
1146 1672 1320 1702 supremum

192 1709 273 1743 iguis
295 1707 367 1737 fuit.
1249 1716 1252 1718 '

255 1750 298 1786 (23)
321 1751 408 1778 crate
430 1750 534 1777 tenus.
559 1747 667 1778 Costae
689 1747 823 1784 corporis
837 1747 936 1776 nostri
953 1748 1111 1783 tamquam
1138 1748 1238 1776 crates
1266 1746 1319 1776 ha-

190 1790 312 1824 bentur,
336 1791 382 1819 uti
399 1790 517 1826 poetice
532 1789 708 1818 cecinerunt
730 1788 823 1818 VIRG.
845 1791 925 1818 Aen.
948 1788 1022 1824 XII,
1045 1788 1125 1823 508;
1149 1788 1238 1818 Own.
1255 1788 1319 1818 Me-

191 1835 270 1860 tam.
294 1832 362 1866 VII,
386 1832 458 1860 so5.

254 1873 297 1910 (3)
326 1873 364 1902 Ut
385 1874 421 1901 in
443 1871 585 1909 iugulos.
609 1871 760 1900 Videlicet
781 1871 813 1900 in
835 1871 971 1908 pectora,
998 1870 1044 1899 uti
1071 1870 1103 1899 in
1118 1878 1172 1900 ora
1193 1870 1320 1900 notatur

189 1914 279 1942 unius
301 1914 366 1944 cod.
383 1914 485 1943 vatic.
501 1913 536 1942 In
551 1913 689 1942 omnibus
704 1921 774 1942 vero
790 1912 883 1943 Codd.
899 1911 1018 1942 Vatiec.
1040 1911 1155 1948 legitur
1175 1913 1206 1940 et
1218 1911 1255 1940 in
1270 1912 1319 1941 iu-

185 1955 292 1992 ytalos.

252 1997 296 2033 (4)
319 1996 460 2034 opposito
482 1996 629 2033 tessmine.
654 1994 790 2032 Capillis.

253 2037 297 2075 (5)
321 2046 448 2074 roqum.
473 2036 627 2066 Flammas
649 2045 665 2065 e
685 2045 757 2072 rogo
779 2036 900 2066 effusas.

251 2080 294 2117 (6)
319 2079 472 2108 Columba
494 2087 617 2117 repens.
640 2077 732 2114 Virgo
753 2078 810 2107 sub
823 2077 924 2116 specie
949 2076 1105 2107 columbae
1131 2075 1247 2106 coelum
1266 2083 1318 2115 pe-
