1502 2610
401 169 739 199 conunnmmonvn
770 169 805 195 v.
838 169 1086 197 nimrim-iseum
1269 175 1310 200 xv

190 297 319 354 primo
348 296 482 346 fuisse,
513 297 634 350 atque
675 293 945 336 Prudentium
984 294 1034 335 ab
1075 295 1313 350 imperatori·

190 367 362 411 Honorio
394 367 565 409 Romam
599 365 913 418 Ravennamque
957 365 1131 407 accitum
1174 368 1315 416 fuisso,

190 439 258 482 sed
293 437 404 480 brevi
447 437 485 479 in
527 436 700 491 patriam
737 435 973 489 remigrans,
1007 437 1139 478 totam
1176 438 1317 490 pietati

189 508 412 559 exolendae,
434 507 663 561 litterisque
680 506 800 549 sacris
821 518 982 560 operam
1001 519 1117 548 suam
1139 509 1315 551 navavit.

190 581 342 622 Auctor
373 581 433 621 est
452 579 655 620 Hnmsws
687 579 867 620 nostrum
897 577 1060 619 tandem
1088 580 1315 632 exoptatam

190 651 367 706 quietem
389 651 568 700 nactum,
591 649 760 703 hymnos
781 650 822 690 et
840 642 1042 702 poematia
1064 648 1146 690 iam
1168 649 1208 690 in
1229 651 1318 692 vul-

190 733 267 775 gus
297 720 475 775 dispersa
495 720 545 762 ad
566 732 606 762 se
627 731 843 769 revocasse,
865 720 907 760 et
927 718 1061 761 incudi
1082 719 1318 773 diligentius

190 791 419 842 reddidisse,
456 791 552 832 bene
574 790 716 832 multis
746 789 894 832 additis
919 789 1165 832 carminibus
1196 790 1317 833 limae

190 862 323 905 labore
353 862 533 905 edolatis.
567 861 655 914 Quo
686 873 798 912 anno,
820 873 978 915 quaque
1009 861 1048 903 in
1068 861 1167 903 urbe
1189 862 1318 904 vitam

189 932 476 987 compleverit,
507 931 653 974 studiis
684 931 915 973 litterarum
947 931 1169 986 pietatique
1201 931 1317 974 Chri-

190 1003 342 1046 stianae
373 1003 636 1057 insumptam,
658 1015 803 1056 parum
825 1003 1077 1056 compertum
1107 1001 1317 1045 habemus.

249 1074 349 1117 Eius
378 1086 510 1128 opera,
542 1086 642 1128 quae
663 1073 855 1127 temporis
876 1073 1070 1115 iniuriam
1092 1076 1316 1125 evaserunt,

191 1144 230 1186 in
247 1144 413 1186 eundem
429 1144 607 1186 ordinem
628 1142 789 1197 digessi,
808 1156 930 1197 quem
950 1143 1000 1184 ab
1016 1143 1193 1186 HEINSIO
1210 1143 1316 1186 Iose-

190 1215 293 1269 phus
314 1215 515 1266 Theolius,
537 1213 680 1256 nobilis
710 1213 950 1256 bodonianae
966 1213 1149 1257 editionis
1165 1216 1316 1264 auctor,

190 1285 411 1340 descripsit.
431 1285 485 1327 Et
500 1285 680 1340 primum
697 1284 877 1326 omnium
893 1282 1197 1340 Καθημερινῶν
1217 1285 1317 1327 liber

189 1356 375 1408 occurrit,
406 1356 616 1399 duodecim
646 1356 808 1411 hymnis
839 1357 1035 1407 constans,
1068 1356 1137 1410 qui
1180 1369 1317 1398 versus

188 1426 404 1478 continent,
437 1427 478 1469 in
509 1427 630 1470 variis
651 1426 730 1470 diei
761 1426 957 1481 partibus,
998 1428 1040 1469 et
1076 1427 1316 1482 quibusdam

189 1497 302 1540 festis
331 1497 538 1540 canendos.

246 1568 306 1611 11.
338 1568 530 1623 Sequitur
559 1568 660 1611 liber
697 1567 794 1623 Περὶ
827 1567 1057 1624 Στεφανῶν,
1079 1581 1150 1611 seu
1171 1568 1220 1611 de
1239 1569 1315 1612 Co-

188 1639 307 1681 ronis
319 1653 333 1691 ,·
347 1639 417 1694 qui
438 1639 744 1694 quatuordecim
765 1639 932 1694 hymnos
954 1639 1228 1694 amplectitur,
1246 1639 1314 1682 ubi

188 1710 417 1752 sanctorum
448 1711 676 1765 martyrum
708 1710 928 1752 certamina
949 1711 990 1752 et
1006 1695 1206 1765 triumphi
1228 1724 1315 1753 ver-

187 1779 299 1822 sibus
328 1779 567 1835 plerumque
598 1780 743 1823 iambis
775 1782 816 1822 et
836 1780 1032 1823 trochaeis
1053 1783 1313 1836 peraguntur.

188 1850 274 1892 Hoc
319 1852 528 1905 poemate,
560 1851 627 1893 cui
657 1863 823 1892 manum
868 1850 1087 1893 admovisse
1132 1851 1315 1893 existimo

187 1921 278 1974 post
307 1933 428 1963 suum
458 1933 505 1962 ex
525 1920 623 1963 urbe
663 1922 795 1963 Roma
835 1921 875 1962 in
913 1920 1089 1975 patriam
1124 1921 1312 1972 reditum,

186 1991 442 2046 praeeipuam
472 1992 635 2034 laudem
665 1992 740 2034 sibi
772 1991 909 2035 fecisse
941 1993 1123 2034 nostrum
1164 1992 1312 2034 doctio-

186 2073 248 2104 res
278 2061 542 2104 consentiunt.
