1450 2537
195 170 268 206 ‘242
574 179 722 206 AVRELII
751 179 948 205 Pavor-:nm

192 292 275 330 Sola
302 292 483 339 superstes
511 291 590 339 agit
617 291 659 328 de
686 302 846 338 corpore,
877 291 955 328 sola
982 291 1080 330 obire
1107 292 1238 330 nescit.
1294 294 1318 332 5

192 347 287 383 Dum
316 357 432 393 genus
460 356 537 382 csse
567 345 753 382 hominum
782 343 949 382 Christus
977 345 1075 383 sinet
1093 375 1101 391 ‚
1132 347 1169 383 et
1196 346 1318 394 vigere

1109 399 1316 446 [mundum‚

192 453 287 488 Dum
306 451 396 487 liber
415 451 513 487 ullus
532 450 600 487 orit
617 448 693 498 (l);
716 450 801 486 dum
819 449 954 487 serinia
969 462 1074 488 sacra
1095 451 1315 499 litterarum,

192 505 240 541 Te
260 505 357 551 leget
376 503 493 539 omnis
509 513 637 540 amans
654 503 836 540 Christum
852 516 860 547 ;
882 504 961 548 tua,
980 503 1181 549 CYPRMNE,
1205 505 1319 544 discet

168 557 348 603 Spiritus
378 556 437 593 ille
466 556 547 601 Dei,
579 555 641 602 qui
670 555 823 592 fluxerat
851 558 976 593 auctor
1003 556 1043 593 in
1073 557 1289 604 Prophetas,

192 610 367 646 Fontibus
395 609 527 655 eloquii
554 610 589 645 te
618 607 770 645 caelitus
800 607 858 656 (2)
888 611 991 646 actus
1019 609 1209 657 inrigavit.
1258 608 1318 649 v10

192 664 221 699 Ο
250 662 332 699 nive
361 662 552 699 candidius
580 661 729 708 linguae
757 664 900 708 genus!
925 661 954 699 O
974 673 1106 700 novum
1127 667 1313 710 saporem!

191 716 240 752 Ut
266 715 386 762 liquor
414 714 616 751 ambrosius
644 725 704 751 cor
723 714 883 762 mitigat,
915 715 1046 756 imbuit
1082 715 1261 762 palatum,

189 768 314 805 Sedem
330 767 474 804 animae
488 768 669 814 penetrat,
687 768 844 804 mentem
858 767 970 811 fovet,
1032 770 1314 816 ‘pererrata-rtus,

189 821 247 858 Sic
274 822 372 858 Deus
400 821 553 857 interius
583 820 752 866 sentitur,
784 822 820 857 et
848 820 986 858 inditur
1015 821 1198 859 modullis.

189 874 293 911 Unde
312 875 447 911 bonum
468 873 629 910 subitum
647 873 754 910 terris
775 873 930 919 dederis,
954 874 1078 920 Pater,
1099 874 1233 912 revela.
1267 875 1315 912 15

188 928 322 964 Deerat
348 926 571 974 Apostolicis
600 925 746 973 scriptis
774 926 968 973 opulentus
995 929 1181 965 exsecutor
1211 927 1294 976 (3):

188 980 348 1027 Eligitur
375 979 536 1026 locuples
565 978 752 1025 facundia,
783 990 874 1026 quae
904 980 1046 1017 doceret
1073 981 1207 1026 orbem,

188 1034 357 1080 Quaeque
386 1032 633 1070 voluminibus
662 1032 769 1069 Pauli
797 1032 977 1070 famulata
1005 1033 1224 1080 disputaret,

188 1086 264 1130 Quo
279 1097 384 1133 mage
399 1085 511 1123 cruda
525 1085 713 1122 hominum
732 1085 943 1132 praecordia
956 1086 1135 1133 perpolita
1149 1088 1313 1131 nossent,

186 1138 267 1176 Sive
281 1138 423 1176 timoris
438 1149 543 1186 opus,
562 1150 624 1176 seu
639 1139 795 1186 mystica
809 1138 866 1176 vel
880 1138 1062 1186 profunda
1077 1139 1227 1179 Christi.
1256 1141 1314 1189 (4)

249 1236 295 1275 (1)
318 1237 407 1266 Dum
430 1237 511 1265 liber
533 1236 624 1266 ullus
644 1237 718 1267 erit.
742 1236 841 1266 Multa
863 1236 900 1266 de
921 1236 952 1266 S.
967 1236 1110 1274 Cypriani
1127 1237 1268 1267 doctrina
1283 1245 1315 1267 et

185 1278 310 1315 scriptis
332 1278 448 1307 habent
469 1279 651 1307 Lactantius
665 1300 672 1313 ,
689 1277 891 1314 Augustinus,
921 1278 1123 1314 Hieronymus
1144 1281 1176 1307 et
1197 1278 1315 1308 Cassio-

185 1319 286 1349 dorus.
312 1335 350 1340 -—
374 1319 409 1350 V.
428 1321 459 1349 et
474 1320 591 1349 Paulli
602 1320 750 1348 Manutii
772 1319 872 1356 patris
888 1319 1114 1348 Praefationem
1133 1319 1164 1348 in
1179 1319 1216 1349 D.
1235 1319 1310 1349 Cae-

185 1360 249 1389 cilii
266 1360 410 1397 Cypriani
429 1369 520 1398 opera
546 1361 584 1390 ad
605 1360 695 1391 eard.
714 1360 813 1391 Carol.
841 1360 1072 1394 Borromaeum2
1104 1360 1218 1396 Ticini,
1235 1361 1314 1397 apud

185 1402 334 1430 Andrean]
362 1402 491 1430 Vianum
520 1410 724 1436 M.D.1,xxmx,
747 1410 777 1438 p.
798 1402 868 1431 106.
893 1401 939 1430 Ex
962 1401 1183 1431 recentioribus
1211 1403 1313 1431 antem

184 1443 363 1472 Franciscus
388 1443 426 1472 de
452 1443 610 1481 Saynilac
634 1443 671 1472 de
686 1444 831 1472 Lamotte
852 1443 1038 1471 anmonvs
1060 1443 1092 1471 in
1108 1451 1145 1471 ea
1165 1443 1313 1480 pernobili

184 1484 323 1521 Epistola
350 1492 427 1520 quae
450 1485 648 1515 inscribitur:
673 1495 690 1511 «
713 1485 819 1513 Lettre
840 1483 933 1513 e'erite
948 1483 969 1512 ὰ
991 1483 1188 1513 Z'Academie
1209 1484 1314 1514 Fran-

184 1526 263 1561 soise
284 1534 344 1554 sur
365 1526 579 1563 l'E'loqzaence,
603 1527 665 1556 etc.
682 1525 724 1556 IV
739 1535 757 1553 »
773 1533 918 1561 magnum
941 1525 1078 1554 animum
1094 1525 1217 1561 vimque
1231 1533 1315 1562 pror-

183 1575 233 1595 sus
265 1566 525 1596 demosthenicam
560 1568 608 1597 ait
629 1567 815 1604 Cyprianum
839 1566 1009 1596 ostendisse
1023 1589 1031 1602 ,
1053 1566 1118 1596 sive
1151 1566 1311 1602 scriberet,

184 1608 248 1637 sive
264 1608 302 1636 ad
318 1608 459 1645 populum
481 1609 575 1638 verba
598 1608 714 1638 faceret
736 1618 765 1639 ».
1296 1641 1301 1643 ,

247 1648 292 1688 (2)
316 1649 460 1679 Caelitus
482 1652 584 1684 actus,
608 1650 644 1679 de
666 1649 749 1679 caelo
764 1649 923 1680 demissus.
945 1648 989 1678 De
1012 1648 1158 1679 adverbio
1179 1649 1315 1679 caelitus

186 1689 219 1723 V.
247 1689 396 1735 Rae-qu.
424 1691 489 1729 XII,
517 1692 581 1730 793
603 1689 745 1735 Ψυχομ.
774 1691 829 1724 65.

247 1737 294 1775 (3)
316 1741 490 1773 ea-secutor,
514 1747 530 1768 e
547 1747 577 1767 re
593 1738 731 1768 iudiciali
747 1746 807 1768 vox
828 1737 922 1767 ducta
943 1737 1003 1773 est,
1020 1745 1150 1773 eumque
1163 1736 1214 1767 hic
1235 1735 1313 1767 desi-

183 1780 258 1814 gnat
273 1801 280 1812 ,
311 1779 364 1814 qui
400 1788 507 1815 graece
539 1780 694 1809 diceretur
730 1777 906 1824 ὲξηγῆτης
927 1779 992 1808 sive
1006 1778 1198 1816 explanator,
1218 1778 1314 1808 inter-

183 1833 263 1862 pres,
280 1826 391 1862 quique
406 1828 564 1862 tamquam
587 1828 737 1863 magister
759 1827 829 1856 aliis
851 1826 968 1862 aliquid
990 1826 1233 1864 interpretatur:
1251 1834 1311 1855 non

183 1869 286 1896 tamen
299 1867 351 1902 qui
373 1867 534 1904 Evangelii
546 1870 708 1906 praecepta
722 1877 775 1897 usu
790 1876 846 1897 sua
862 1867 950 1903 facit,
966 1868 1014 1897 uti
1031 1867 1112 1897 haud
1126 1868 1209 1897 reete
1224 1867 1314 1898 docet

183 1908 438 1938 CnAmintAans.

245 1948 291 1987 (4)
314 1949 386 1979 Sive
406 1950 538 1980 timoris
559 1960 650 1988 opus,
674 1960 730 1981 seu
751 1950 888 1988 mystica
909 1950 968 1980 etc.
992 1949 1150 1986 Intellige:
1173 1950 1240 1979 sive
1261 1957 1313 1979 ex-

183 1989 323 2026 planaret
345 1990 463 2020 Veteris
485 1992 674 2028 Testamenti
695 1993 813 2029 scripta
828 1992 866 2020 ad
880 1991 1041 2021 Israelitas
1055 1988 1243 2028 spectantia,
1259 1991 1313 2026 qui

183 2032 217 2059 ut
239 2030 402 2067 plurimum
436 2032 531 2062 velut-i
563 2034 642 2062 servi
666 2042 735 2062 cum
767 2034 879 2063 timore
911 2033 1098 2068 agebantur:
1132 2041 1183 2061 seu
1218 2032 1313 2062 inter-

184 2073 356 2108 pretaretur
374 2075 509 2111 mystica
525 2077 553 2103 et
560 2075 730 2112 profunda
748 2075 884 2110 Christi,
899 2082 976 2111 quae
989 2074 1020 2102 in
1033 2074 1108 2103 Novi
1122 2072 1312 2104 Testamenti

184 2113 259 2142 libro
282 2114 488 2147 continentur.
