1502 2610
286 284 959 359 CATHEMERIN
973 284 1112 356 ΟΝ

550 403 630 459 ιι
669 403 714 459 Β
747 404 787 460 Ε
820 404 862 460 Β

561 772 850 812 PRAEFATIO

141 894 234 927 Suam
258 895 422 933 unicuique
453 895 532 926 libro
557 896 781 934 praefationem
802 897 948 933 affingere
976 895 1163 925 Prudentius
1200 902 1269 924 con-

180 944 294 975 suevit.
328 944 412 974 Haec
445 945 549 974 tamen
584 952 644 973 non
680 944 726 973 ita
761 941 1017 988 Καθημερινῶν
1045 942 1167 979 hymnis
1200 950 1269 971 con-

182 1000 262 1022 nexa
282 993 341 1028 est.
359 994 395 1022 ut
409 992 448 1022 ad
462 992 566 1022 omnia
581 992 699 1030 pariter
712 991 780 1021 eius
795 991 931 1020 carmina
947 992 1079 1027 nequeat
1095 989 1266 1027 pertinere.

182 1039 264 1070 Hinc
284 1039 318 1069 in
340 1039 442 1069 Vatic.
459 1039 562 1069 codice
583 1039 796 1069 vetustissimo
818 1047 886 1067 cum
910 1037 1084 1067 istiusmodi
1108 1036 1203 1066 titulo
1229 1036 1271 1065 le-

181 1087 284 1124 gitur:
304 1094 317 1116 ι
332 1085 455 1124 Incipit
469 1085 684 1115 Prohemium
696 1087 782 1114 Aur.
798 1085 976 1114 Prudentia·
995 1093 1022 1121 »,·
1040 1092 1129 1121 quom
1142 1083 1271 1112 titulum

181 1134 260 1164 etin
273 1133 472 1171 Egmondano
483 1132 593 1164 Codice
606 1142 638 1163 se
651 1133 765 1162 vidisse
778 1132 926 1162 Heinsius
934 1132 1082 1161 testatur.
1094 1131 1231 1161 Iamvero
1240 1131 1272 1159 in

183 1181 241 1212 hoe
256 1181 392 1211 carmine
416 1180 502 1210 vitae
523 1189 596 1210 suae
619 1189 741 1210 cursum
757 1180 900 1209 celeriter
927 1179 1140 1217 perstringens
1163 1178 1201 1206 ad
1219 1186 1270 1207 an.

182 1236 258 1264 Lm,
274 1236 335 1266 quo
350 1236 430 1257 anno
445 1236 463 1257 a
478 1228 571 1257 rebus
587 1227 724 1265 profanis
735 1227 772 1256 ad
787 1235 890 1256 sacras
902 1227 1038 1256 animum
1056 1226 1272 1263 ingeniumque

183 1274 342 1310 traduxit,
366 1274 540 1312 poematum
557 1274 652 1304 ferme
674 1275 820 1309 omnium,
838 1274 948 1309 quibus
970 1273 1164 1308 allaboravit,
1183 1281 1271 1309 argu-

183 1322 289 1353 menta
310 1320 466 1361 proponit.

195 1436 266 1474 Per
293 1434 546 1484 quinquennia
573 1434 646 1472 iam
674 1435 811 1480 decem,

142 1488 195 1528 Ni
221 1487 345 1535 fallor,
374 1487 534 1526 fuimus:
565 1487 742 1535 septimus
771 1487 918 1534 insuper
948 1487 1006 1536 (1)

142 1543 296 1580 Annum
322 1541 431 1579 cardo
458 1541 569 1587 rotat,
601 1540 687 1578 dum
714 1540 868 1578 fruimur
896 1540 969 1578 sole
998 1539 1164 1577 volubili.

197 1594 323 1633 Instat
349 1593 541 1639 terminus,
572 1594 609 1631 et
636 1594 730 1632 diem

145 1647 318 1686 Vicinum
344 1646 446 1684 senio
474 1646 547 1684 iam
576 1646 674 1684 Deus
702 1646 876 1694 adplicat.
1249 1648 1271 1683 5

145 1700 237 1747 Quid
268 1710 335 1738 nos
362 1699 452 1737 utile
479 1699 578 1737 tanti
605 1699 724 1747 spatio
752 1700 924 1746 temporis
953 1699 1121 1746 oginms'?
1152 1700 1210 1746 (2)

196 1754 313 1791 Aetas
340 1752 458 1800 prima
485 1753 720 1800 crepantibus

147 1805 266 1844 Flevit
291 1805 360 1844 sub
386 1805 526 1843 ferulis.
558 1806 644 1844 Mox
671 1805 793 1843 docuit
819 1807 908 1853 toga
937 1805 993 1853 (3)

145 1858 330 1898 Infectam
357 1858 459 1897 vitiis
485 1858 582 1897 falsa
608 1859 722 1907 loqui,
753 1869 828 1896 non
855 1858 934 1896 sine
961 1858 1135 1896 crimine:

209 1986 255 2025 (1)
278 1987 343 2017 Per
361 1988 585 2025 quinquennia
610 1988 675 2016 iam
698 1987 812 2022 decem,
837 1989 893 2016 etc.
917 1987 1000 2016 Haec
1029 1987 1067 2016 ad
1089 1996 1202 2017 annum
1226 1997 1273 2016 ae-

146 2028 226 2058 tatis
235 2036 308 2058 suae
319 2028 493 2058 reseruntur
509 2029 587 2062 Lvil,
603 2030 653 2064 qni
667 2037 764 2058 annus
777 2037 816 2057 nv
829 2027 889 2057 suit
901 2029 970 2065 post
985 2028 1139 2058 Christum
1154 2031 1272 2058 natum.

209 2069 255 2108 (2)
272 2069 437 2106 Quidnos
458 2069 549 2099 utile.
566 2070 679 2100 Contra
694 2070 784 2100 metri
801 2070 951 2100 rationem
966 2070 1060 2100 codex
1076 2078 1153 2099 unus
1170 2070 1272 2100 Vatic.

146 2118 219 2141 mss.
250 2110 332 2140 Vtile
352 2110 433 2148 quid
455 2112 551 2141 tanti.

219 2150 267 2191 (3)
289 2153 380 2190 εσθαι
404 2151 515 2183 virilis.
