1502 2537
0 1936 8 1963 ν-
0 1879 9 1899 v-
0 1707 10 1847 *vv--w'r
0 1641 4 1654 -
0 1597 6 1605 v
0 1529 5 1536 ¹
0 1493 3 1500 -

450 175 733 204 οΛτΗειιειιιΝοΝ
762 175 912 203 unuws
940 176 993 204 vn
1240 165 1288 203 41

266 291 366 329 Gens
395 290 566 328 insolenti
594 292 810 338 praepotens
839 290 1016 327 iactantia

214 344 381 388 Pollebat
408 344 517 388 olim,
549 355 658 391 quam
688 343 857 380 fluent-m
887 344 1052 391 nequiter

214 397 392 444 Corrupta
420 397 530 444 vulgo
559 396 717 434 solverat
742 396 910 441 lascivia,

215 450 263 487 Et
291 450 374 487 inde
401 450 506 487 bruto
536 450 594 496 (1)
622 451 817 487 contumax
846 448 1009 494 fastidio,

215 502 361 540 Cultum
389 502 536 550 superni
563 502 776 549 negligebat
804 502 990 539 Numinis.
1239 503 1288 538 90

267 556 416 594 Offensa
443 555 590 592 tandem
620 555 717 602 iugis
746 554 996 601 indulgentiae

215 609 390 654 Censura,
420 607 528 645 iustis
554 608 732 645 excitatur
759 607 943 651 motibus;

216 662 389 699 Dextram
416 662 599 708 perarmat
626 660 851 707 rhompheali
881 660 1061 705 incendio,

216 714 250 751 N
255 714 369 751 imbos
396 716 586 760 crepantes
613 715 649 750 et
677 713 841 760 fragosos
869 713 1034 750 turbines

215 767 389 812 vibrans,
418 768 611 804 tonantum
640 766 735 803 nube
764 767 992 803 flammarum
1021 766 1153 813 quatit.
1239 768 1288 802 {³5

269 820 338 857 Sed
364 819 572 866 poenitendi
602 819 685 856 dum
715 819 822 856 datur
850 819 990 857 diecula
1020 822 1092 867 (2),

216 872 253 910 Si
280 872 372 910 forte
399 872 535 909 vellent
561 871 762 918 improbam
789 872 991 917 libidinem,

218 926 434 972 Veteresque
463 936 583 972 nugas
611 925 824 962 condomare
853 936 895 963 ac
923 925 1105 972 frangere,

216 978 412 1025 Suspendit
439 977 550 1015 ictum
578 979 692 1015 terror
718 978 924 1024 exorabilis,

219 1031 456 1078 Paullumque
485 1031 583 1068 dieta
610 1030 775 1067 substitit
803 1031 998 1068 sententia.
1215 1031 1288 1067 loo

269 1085 398 1122 Ionam
425 1083 636 1130 prophetam
665 1083 765 1121 mitis
793 1083 889 1121 ultor
916 1085 1064 1128 excitat,

219 1138 359 1174 Poenae
387 1136 613 1174 imminentis
642 1135 709 1173 iret
735 1138 776 1174 ut
802 1137 1064 1183 praenuntius3

217 1190 285 1227 Sed
311 1191 436 1227 nosset
462 1189 522 1226 ille
549 1201 659 1236 quum
687 1189 865 1227 minacem
893 1190 1047 1227 iudicem

216 1243 364 1280 Servare
391 1242 514 1287 malle,
544 1254 653 1290 quam
682 1242 786 1280 ferire
814 1254 856 1280 ac
883 1243 1052 1290 plectere,

215 1297 363 1334 Tectam
389 1295 545 1338 latenter
571 1295 681 1333 vertit
708 1295 747 1332 in
774 1295 932 1333 Tharsos
960 1295 1100 1343 fugam.
1214 1296 1288 1333 105

270 1348 413 1386 Celsam
439 1347 579 1396 paratis
605 1348 778 1396 pontibus
804 1349 949 1386 scandit
976 1352 1112 1386 ratem:

219 1402 296 1440 Udo
323 1401 487 1439 revincta
514 1401 600 1438 fune
628 1401 759 1448 puppis
787 1402 963 1446 solvitur,

219 1456 298 1492 Itur
324 1466 387 1502 per
413 1454 551 1492 altum:
583 1454 625 1491 fit
652 1454 890 1501 procellosum
918 1466 1029 1491 mare.

215 1509 308 1544 Tum
335 1519 465 1545 caussa
492 1507 589 1544 tanti
618 1508 675 1554 (3)
705 1507 891 1556 quaeritur
919 1507 1091 1555 periculi:

216 1560 300 1598 Sors
326 1560 365 1597 in
392 1559 559 1608 fugacem
588 1560 700 1598 missa
727 1562 846 1598 vatem
876 1561 1022 1598 decidit.
1214 1560 1288 1598 110

226 1706 271 1746 (1)
293 1707 396 1742 bruto.
421 1707 516 1737 Bruta
531 1707 646 1737 dicitur
661 1707 781 1745 proprie
796 1708 891 1742 terra,
909 1715 986 1743 quae
1000 1708 1066 1736 sine
1080 1716 1183 1742 sensu,
1202 1708 1288 1744 quasi

164 1755 291 1785 immota
315 1756 347 1784 et
370 1755 473 1790 gravis
497 1756 615 1785 manet.
634 1754 669 1784 V.
689 1754 768 1784 HOR.
786 1754 897 1791 Lyric.
916 1754 940 1789 Ι,
958 1754 1010 1789 34,
1028 1754 1058 1783 9.
1077 1754 1237 1784 Translate
1253 1755 1288 1784 de

165 1801 286 1831 homine
307 1801 411 1831 bardo.
435 1801 471 1830 V.
487 1801 597 1831 Semo.
616 1801 662 1830 De
678 1801 788 1837 Benef.
806 1800 862 1836 III,
881 1801 932 1831 37.
950 1801 1093 1830 Brutum
1115 1802 1288 1839 fastidium

163 1852 212 1879 ωε
231 1848 344 1878 stolida
365 1849 519 1886 superbia.
1309 1850 1316 1858 '

227 1902 271 1940 (2)
293 1902 431 1932 diecula.
455 1901 591 1940 Quanam
615 1901 733 1930 ratione
755 1900 848 1931 liceat
869 1902 1015 1938 temporis
1036 1902 1171 1940 spatium
1193 1902 1287 1932 dime-

163 1950 219 1980 tiri
242 1950 393 1980 Ninivitis
414 1950 606 1987 permissum,
630 1952 665 1978 ut
685 1957 716 1978 se
739 1948 777 1977 ad
800 1947 955 1978 meliorem
971 1948 1088 1986 frugem
1106 1950 1287 1988 reciperent,

165 1996 202 2027 V.
216 1996 249 2027 S.
264 1996 399 2027 Avcvs‘r.
416 1997 464 2026 De
479 1997 550 2026 Civ.
574 1996 647 2030 Dei,
670 1994 783 2030 XVIII.
807 1995 859 2025 44.

227 2050 272 2089 (3)
294 2059 410 2080 caussa
431 2050 529 2084 tanti,
552 2049 611 2078 duo
641 2048 761 2078 Vaticm
785 2049 959 2086 vestutior.,
981 2050 1014 2080 et
1033 2049 1163 2087 flamm
1188 2059 1287 2080 causa

164 2100 257 2126 tanta
278 2097 437 2128 Werrzivs
459 2098 552 2134 atque
574 2095 755 2127 Csrmmvs.
