1502 2537
364 0 684 27 ΊζῖξπΓ”“’“”“Γ-“
712 0 731 21 'f
766 0 784 19 “.’
839 8 842 13 ¹

267 51 277 59 ,
305 39 325 62 '-
364 39 375 55 N

371 119 482 155 ΠΕΡΙ
509 118 770 155 ΣΤΕΦΑΝΩΝ
798 126 955 155 nnmvs
982 127 1011 155 11
1201 117 1249 156 87

282 240 384 278 Fidis
410 240 620 289 gubernans
647 240 826 288 clavibus,

282 293 468 342 Votasque
497 294 714 342 dispensans
741 305 840 342 opes.

278 375 290 383 -
334 353 467 402 Versat
493 353 626 391 famem
651 353 827 402 pecuniae
1202 354 1240 389 4.τ

283 406 493 444 Praefectus
520 406 622 445 urbis
648 406 784 455 regiae,

282 458 453 497 Minister
479 459 603 498 insani
631 460 734 498 ducis
764 460 839 508 (1),

281 513 437 551 Exactor
464 512 545 550 auri
572 514 609 551 et
636 513 844 561 sanguinis,

334 571 414 617 Qua
440 571 478 609 vi
504 571 663 610 latentes
690 574 794 610 eruat

283 625 478 671 Nummos,
509 626 633 673 operta
660 625 874 664 existimans
1205 624 1254 660 50

280 677 437 715 Talenta
465 678 533 716 sub
560 679 746 725 sacrariis,

282 730 525 779 Cumulosque
553 733 745 780 congestos
772 732 861 780 tegi.

335 790 583 828 LAvaExTIVM
611 790 695 828 sisti
722 790 836 837 iubet,

281 842 452 891 Exquirit
479 854 602 880 arcam
630 843 767 881 ditibus

281 895 417 934 Massis
445 895 629 943 refertam,
660 898 697 934 et
723 896 887 945 fulgidae
1205 897 1253 933 55

281 949 426 986 Montes
455 951 621 987 monetae
649 949 839 988 conditos.

335 1021 358 1042 e
387 1007 530 1054 Soletis,
561 1009 696 1057 inquit,
727 1010 912 1058 conqueri,

281 1061 425 1101 Saevire
452 1073 520 1100 nos
546 1063 644 1101 iusto
671 1062 844 1112 amplius,

280 1115 400 1161 Quum
428 1116 632 1154 christiana
660 1127 810 1164 corpora

281 1167 484 1218 Plusquam
511 1171 658 1208 cruente
687 1169 904 1208 scindimus.
1204 1172 1254 1209 60

335 1228 453 1266 Abest
480 1229 718 1267 atrocioribus

281 1281 443 1320 Censura
471 1281 616 1320 fervens
644 1283 825 1322 motibus:

279 1335 421 1373 Blande
449 1337 486 1373 et
513 1335 630 1384 quiete
659 1334 819 1384 efflagito

279 1388 382 1434 Quod
412 1390 540 1436 sponte
567 1389 666 1427 obire
695 1389 839 1427 debeas.

334 1447 445 1485 Hunc
474 1459 551 1485 esse
579 1448 713 1486 vestris
741 1448 854 1496 orgiis
885 1448 943 1497 (2)
1204 1449 1253 1486 65

280 1500 489 1548 Moremque
517 1502 553 1538 et
580 1502 696 1539 artem
723 1501 906 1549 proditum
935 1503 1004 1549 est,

283 1553 392 1591 Hanc
421 1553 654 1601 disciplinam
681 1554 850 1601 foederis,

282 1606 414 1645 Libent
440 1608 482 1644 ut
508 1618 596 1645 auro
623 1608 812 1646 antistites
842 1609 915 1658 (3).

184 1746 230 1784 (1)
251 1747 402 1777 minister
413 1747 526 1777 insani
541 1747 644 1778 ducis.
656 1747 799 1785 Intellige
813 1749 1030 1787 Imperatorem
1043 1748 1252 1779 Valerianum.

185 1795 230 1833 (2)
252 1795 364 1834 orqiis.
389 1795 500 1832 Orgia,
537 1796 576 1825 ab
609 1794 710 1840 ὀργή,
731 1798 811 1826 teste
833 1796 958 1832 Servio,
982 1805 1070 1826 sacra
1092 1798 1123 1826 in
1146 1797 1255 1834 primis

122 1843 224 1878 erant,
248 1850 325 1879 quae
353 1844 442 1872 noete
456 1843 655 1881 intempesta,
677 1843 709 1872 in
731 1842 875 1873 honorem
898 1844 1000 1873 Liberi
1024 1843 1127 1873 Patris
1158 1845 1254 1873 tertio

0 1882 12 1910 [³
124 1891 242 1954 quogue
262 1892 341 1914 anno
363 1883 611 1919 celebrabantur;
635 1893 713 1921 quae
735 1893 824 1914 sacra
847 1885 961 1914 idcirco
983 1885 1144 1915 trieterica
1166 1885 1255 1915 dieta

125 1933 182 1954 sun
203 1947 210 1954 .

5 1995 17 2003 f
187 1971 234 2010 (3)
255 1971 353 2001 libent
374 1974 411 2001 ut
432 1982 515 2002 auro
548 1973 751 2003 antistites...
778 1972 886 2010 cyatis
907 1982 944 2003 ex
965 1981 1039 2003 auro
1060 1974 1093 2003 et
1113 1974 1253 2010 argento.

6 2013 16 2053 ξ
126 2011 224 2051 Quum
246 2013 363 2050 aliquid
385 2022 437 2051 per
459 2013 600 2044 nebulam
623 2014 760 2044 audisset
774 2014 867 2044 Urbis
889 2014 1060 2052 praefectus
1082 2014 1118 2044 de
1139 2015 1253 2050 sacris,

127 2054 237 2092 quibus
266 2057 359 2086 noctu
390 2056 574 2086 interessent
607 2055 797 2093 Christiani,
830 2064 879 2086 eos
911 2057 1012 2086 nescio
1041 2065 1116 2093 quas
1147 2065 1254 2086 coenas
