1450 2537
247 137 295 173 50
628 147 776 173 Avnssmi
804 146 1001 173 Pievifflxril

300 261 382 307 Ipse
412 260 531 305 iussit,
563 262 598 298 ot
626 261 768 305 creata3
802 259 893 297 dixit
920 259 1010 306 ipse,
1042 261 1078 298 et
1105 259 1204 298 facta
1230 262 1318 300 sunt

245 314 369 358 'ron-a,
401 314 553 359 cadum,
586 314 682 350 fiissa
709 313 825 360 ponti,
856 313 955 349 trina
982 324 1100 350 rerum
1128 313 1313 361 machina,

245 368 412 413 Quaeque
433 367 469 403 in
490 367 547 404 his
567 367 693 413 vigent
711 367 779 403 sub
795 366 868 402 alto
884 365 972 403 solis
991 368 1027 403 et
1045 365 1154 404 lunae
1174 366 1295 414 globo.
1320 366 1367 404 15

300 431 464 477 Corporis
493 431 643 467 ferinam
672 430 813 475 caduci,
844 430 1005 467 membra
1033 430 1139 468 morti
1169 431 1325 469 obnoxia

246 483 385 528 Induit,
417 495 461 520 ne
490 495 580 529 gens
608 484 739 530 periret
766 483 994 530 primoplasti
1024 483 1081 530 (1)
1110 495 1153 520 ex
1181 483 1364 531 germine,

245 536 419 572 Mor-serat
447 548 555 583 quam
583 536 640 573 lex
668 535 847 582 profundo
876 535 1031 573 noxialis
1061 536 1118 583 (2)
1146 537 1298 575 tartaro.

297 605 325 635 ι)
353 601 480 637 boatus
507 602 606 637 ortus
634 600 709 646 ille,
739 600 854 647 Virgo
880 611 991 647 quum
1018 611 1194 647 puerpera

241 654 367 690 Edidit
394 655 556 691 nostram
585 653 754 699 salutem,
785 653 881 690 foeta
909 654 1040 690 Sancto
1068 653 1224 700 Spiritu,
1316 654 1366 691 20

241 707 288 743 Et
317 708 412 744 Puer
441 707 644 753 redemptor
673 707 769 744 orbis
798 717 837 744 os
870 707 1053 744 sacratum
1080 706 1257 753 protulit!

294 771 435 807 Psallat
462 771 616 808 altitudo
644 771 748 817 caeli,
780 771 926 818 psallite
955 781 1079 808 omnes
1107 770 1257 818 Angeli,

239 824 421 871 Quidquid
449 826 505 861 est
532 823 678 861 virtutis
707 835 861 871 usquam
880 823 1017 871 psallat
1044 823 1082 860 in
1110 823 1255 861 laudem
1275 823 1361 862 Dei:

239 877 353 926 Nulla
381 877 595 924 linguarum
624 877 784 922 silescat,
817 888 885 914 vox
913 878 948 914 et
976 876 1094 914 omnis
1122 878 1308 914 consonet.

290 942 396 987 Ecce,
414 953 519 988 quem
535 943 637 979 vates
652 942 806 979 vetustis
822 941 1062 979 concinebant
1077 941 1246 987 saeculis,
1313 942 1362 978 25

236 995 349 1039 Quem
377 995 634 1041 prophetarum
663 995 786 1032 fideles
814 994 971 1042 paginae
999 994 1282 1041 spoponderant,

236 1047 392 1093 Emicat,
423 1047 624 1094 promissus
653 1048 758 1085 olim:
790 1049 922 1085 cuncta
951 1047 1170 1084 conlaudent
1197 1058 1293 1084 eum.

289 1112 484 1149 Cantharis
512 1111 636 1149 infusa
663 1112 816 1160 lympha
844 1112 886 1149 fit
914 1111 1096 1148 falernum
1125 1110 1244 1148 nobile
1280 1111 1358 1160 (3):

235 1165 396 1202 Nuntiat
421 1164 550 1202 vinum
578 1165 743 1202 minister
771 1177 848 1202 esse
877 1167 1059 1211 promtum
1087 1176 1130 1202 ex
1157 1164 1306 1212 hydria3

234 1218 317 1264 Ipse
345 1229 406 1255 rex
437 1218 494 1266 (4)
525 1229 650 1265 sapore
680 1218 806 1255 tinctis
835 1217 1056 1264 obstupescit
1082 1217 1235 1264 poculis.
1311 1218 1361 1255 30

286 1283 449 1319 Membra
477 1283 611 1320 morbis
639 1283 815 1327 ulcerosa,
847 1282 1025 1328 viscerum
1053 1281 1263 1328 putredines

233 1335 369 1372 Mando
388 1337 429 1372 ut
457 1335 668 1381 abluantur,
690 1335 832 1382 inquit3
856 1335 898 1372 fit
925 1336 1045 1371 ratum
1064 1334 1160 1382 quod
1178 1334 1356 1371 iusserat:

232 1388 431 1435 Turgidam
459 1390 577 1426 cutem
605 1390 806 1435 repurgant
834 1388 1024 1425 vulnerum
1052 1387 1228 1434 piamina.

295 1518 338 1557 (1)
356 1521 578 1558 primoplasti.
603 1521 782 1551 Vaticanor.
804 1521 890 1551 codd.
914 1531 984 1559 pars
999 1521 1116 1551 melior.
1135 1520 1360 1550 —CELLARIVS

230 1559 472 1596 FABmcrvsovE:
484 1563 692 1601 protoplasti.
710 1563 775 1593 Hoc
790 1564 911 1593 nomine
936 1563 1083 1610 apellavit
1104 1563 1258 1592 ΤΕΒ-[νη.
1281 1561 1359 1591 Ada-

230 1609 311 1630 mum
335 1605 366 1631 et
380 1603 508 1639 Hevam,
526 1605 576 1640 qui
593 1605 684 1641 primi
708 1604 834 1634 humani
860 1601 978 1641 generis
1003 1606 1145 1642 parentes
1168 1603 1303 1632 suerunt.
1320 1603 1357 1632 V.

230 1643 369 1672 Επονίαέ
383 1645 426 1673 ad
444 1645 557 1675 Castit.
576 1646 606 1675 2.

294 1697 337 1733 (2)
363 1698 524 1727 noxialis:
547 1699 651 1733 noxia,
675 1699 832 1728 damnosa.
859 1700 892 1729 V.
926 1697 1010 1743 Περὶ
1035 1697 1134 1742 Στεφ.
1157 1697 1240 1733 ΧΠ,
1266 1697 1357 1727 1107·
1391 1688 1397 1692 ⁸

295 1750 338 1783 (3)
363 1750 477 1780 Christi
501 1752 651 1788 prodigia,
676 1760 753 1788 quae
775 1753 807 1781 in
829 1752 885 1782 hoc
909 1752 1020 1790 hymno
1048 1753 1081 1781 et
1107 1749 1274 1787 Apotheosi
1297 1758 1357 1780 me-

229 1798 399 1831 morantur,
423 1799 603 1828 vetustiores
626 1799 797 1829 Christiani
826 1800 858 1828 in
874 1800 987 1829 tabulis
1008 1798 1114 1837 pictis
1140 1797 1170 1826 in
1193 1804 1355 1830 marmore,

228 1837 358 1866 lucernis
391 1840 421 1867 et
450 1840 530 1868 vitro
563 1843 790 1878 repraesentare
823 1841 1053 1870 consueverunt.
1087 1839 1124 1867 V.
1158 1837 1356 1872 AmNvaM,

229 1879 331 1907 Roma
348 1880 512 1917 Sabterr.;
527 1882 767 1918 BONARROTIVM‚
787 1882 946 1912 Observat.
963 1883 998 1911 in
1013 1880 1158 1910 nummis
1172 1879 1261 1907 Mus.
1279 1879 1355 1907 Car-

224 1920 332 1956 pinei,
331 1931 336 1936 ·
359 1921 442 1950 Bo'rr
446 1930 545 1950 ARIVM
568 1924 599 1951 in
621 1932 720 1960 opere,
745 1924 794 1953 cui
818 1923 904 1953 titul.
927 1924 1019 1953 Delle
1039 1923 1162 1961 pitture
1183 1929 1198 1948 e
1220 1919 1357 1949 scolture

228 1961 312 1989 della
336 1963 438 1991 Roma
462 1964 677 1994 Sotterrcmea.

292 2013 335 2051 (4)
360 2014 440 2044 Rex.
466 2015 604 2045 Convivii
628 2026 680 2046 rex
704 2025 755 2046 seu
770 2018 929 2054 magister,
947 2017 999 2054 qui
1014 2017 1046 2047 et
1059 2023 1167 2054 graece
1182 2010 1354 2056 βασιλεὺς,

229 2054 482 2100 συμποσίαρχος
505 2058 561 2087 aut
578 2056 659 2102 ἆρχε
661 2070 710 2103 τρ
703 2057 765 2091 Ἀ)
759 2070 838 2098 .νος.
