1502 2610
1247 150 1269 187 CR

443 157 728 188 mmmm(
753 158 907 188 HYMNVS
932 159 947 188 1

195 271 312 320 Atqui
341 272 412 310 fine
441 271 510 310 sub
536 271 665 310 ultimo

142 325 332 363 Peccatrix
358 324 484 363 anima
510 324 708 363 stultitiam
736 326 866 363 exuat:
1220 328 1269 362 :35

140 377 274 416 Saltem
303 388 388 416 voce
416 377 532 415 Deum
559 378 797 424 concelebret,
828 379 860 416 si
888 378 1027 417 meritis
1066 379 1213 426 nequit:

197 430 357 479 Hymnis
383 430 572 469 continuet
599 431 676 468 dies
705 431 779 479 (1),

142 483 221 522 Nec
248 494 320 522 nox
346 482 423 521 ulla
451 484 569 529 vacet,
600 484 689 532 quin
719 483 914 521 Dominum
943 487 1075 525 canat:

141 536 289 585 Pugnet
307 538 434 574 contra
453 535 610 582 hereses,
632 537 851 575 catholicam
871 537 1045 575 discutiat
1070 538 1175 575 tidem
1193 540 1267 582 (2),

196 589 391 628 conculcet
418 600 523 628 sacra
550 589 731 638 gentium,
1220 593 1270 629 40

142 642 294 688 labem,
324 642 455 688 Roma,
485 642 560 680 tuis
588 642 723 680 inferat
750 642 857 680 idolis

142 695 297 733 Carmen
324 695 548 744 Martyribus
576 695 763 742 devoveat,
794 695 918 734 laudet
945 696 1154 744 Apostolos.

196 747 302 787 Haec
328 747 415 786 dum
443 748 560 786 scribo
589 748 645 786 vel
673 748 833 796 eloquor,

142 800 287 840 Vinolis
314 812 334 839 o
360 801 504 839 utinam
531 801 690 849 corporis
717 801 865 839 emicem

141 853 265 901 Liber,
295 865 366 903 quo
391 854 516 893 tulerit
542 854 672 902 lingua
700 865 788 892 sono
817 855 962 893 mobilis
989 855 1141 893 ultimo!
1220 858 1269 893 45

700 1050 722 1089 I

343 1151 554 1191 HYMNVS
582 1151 652 1190 AD
680 1151 834 1190 GALLI
862 1151 1072 1190 OANTVM

145 1291 282 1330 nymnos
307 1293 502 1330 quotidianos
527 1300 546 1322 a
567 1292 642 1329 galli
669 1292 760 1322 cantu
794 1292 984 1330 auspicatur,
1019 1301 1079 1322 non
1113 1292 1167 1321 illo
1199 1300 1272 1322 sano

185 1334 294 1372 primo,
310 1343 399 1372 quem
423 1334 497 1371 galli
519 1334 621 1364 media
637 1335 726 1364 nocte
750 1333 858 1369 edunt,
875 1333 1131 1370 quemadmodum
1145 1334 1270 1363 Nebris-

183 1376 295 1411 sensis,
311 1375 536 1406 Chamsslardus
551 1398 558 1410 .
583 1375 696 1413 aliique
718 1376 920 1413 interpretati
942 1377 1034 1409 sunt;
1059 1375 1114 1405 sed
1137 1375 1188 1412 qui
1218 1384 1268 1412 po-

184 1417 318 1447 stremus
332 1418 388 1447 sub
404 1417 571 1447 adventum
586 1416 664 1447 lucis
679 1416 858 1451 exauditur,
877 1417 990 1454 quique
1007 1417 1130 1454 proprie
1143 1417 1271 1454 yallici·

184 1458 279 1487 nium
304 1458 430 1488 dicitur.
454 1458 520 1488 Hoc
542 1459 624 1488 enim
647 1459 784 1496 tempore
806 1461 959 1496 strepunt
973 1467 1049 1487 aves
1075 1479 1082 1486 .
1110 1479 1118 1487 .
1139 1480 1146 1487 .
1169 1458 1272 1496 paulo

184 1502 260 1529 ante
273 1509 372 1538 quam
391 1500 450 1529 lux
470 1500 592 1534 emicet,
610 1500 657 1529 uti
684 1500 715 1529 in
738 1499 794 1528 hoc
809 1499 922 1537 hymno
939 1507 970 1530 v.
989 1501 1038 1534 13,
1058 1500 1109 1530 15.
1126 1498 1270 1535 legimus.

185 1540 280 1571 Poeta
299 1540 491 1572 Christianos
513 1541 666 1575 hortatur,
684 1541 742 1575 uti,
767 1541 849 1577 gallo
870 1541 1012 1575 canente,
1029 1549 1135 1570 omnes
1158 1549 1174 1569 e
1190 1540 1272 1569 lecto

184 1583 327 1619 surgant.
343 1583 452 1612 cantus
467 1582 590 1613 Christo
605 1582 748 1617 fundant,
769 1582 801 1612 et
823 1582 860 1611 ab
877 1590 912 1612 eo
928 1581 1134 1611 admissorum
1151 1582 1272 1611 veniam

186 1623 364 1663 precentur.

355 1718 459 1766 Ales,
490 1718 561 1757 diei
588 1718 757 1765 nuntius,

300 1772 435 1811 Lucem
461 1772 702 1820 propinquam
729 1771 934 1820 praecinit3

300 1825 381 1864 Nos
407 1825 582 1864 excitator
609 1825 786 1863 mentium

300 1879 384 1917 Iam
411 1878 579 1917 Christus
606 1879 654 1916 ad
680 1878 795 1916 vitam
823 1879 942 1916 vocat.

205 2000 251 2042 (1)
272 2000 361 2033 Unde
381 2001 487 2040 hymni
508 1982 588 2032 saci-i
615 2002 717 2031 ortum
741 2000 888 2031 duxerint
918 2001 1020 2031 tradit
1052 2001 1143 2032 Card.
1167 2002 1273 2039 BONA,

142 2043 175 2074 in
195 2051 300 2082 opere:
316 2043 365 2074 De
385 2043 510 2074 Divina
527 2042 730 2081 psalmodia,
753 2041 838 2080 ΧΠ,
861 2042 880 2081 ἓ
901 2042 933 2074 9.

203 2095 248 2135 (2)
270 2095 392 2126 hereses
412 2096 531 2126 Liceat.
555 2104 608 2134 pro
629 2095 787 2126 haereses.

1303 0 1502 25 ==-ww·=·c‚'⁷*
