1450 2537
206 165 280 201 ‘2:36
585 174 734 202 Avanmr
760 173 959 201 PRVDENTH

202 289 278 325 Scit
308 288 479 325 Tiberina
497 287 603 336 palus
619 286 695 336 (1),
717 286 868 324 flumine
887 298 980 334 quae
994 287 1169 325 lambitur
1188 289 1333 336 propin-
1436 290 1450 325 i

253 341 359 379 Binis
388 341 549 378 dicatum
577 341 750 387 cespitem
779 340 937 387 tropaeis
967 339 1040 390 (2).
1231 340 1330 391 (quo,
1438 339 1450 390 [j

200 395 248 431 Et
274 394 406 440 crucis,
437 396 473 431 et
500 393 616 441 gladii
644 393 762 438 testis,
795 393 928 440 quibus
956 393 1126 440 inrigans
1155 395 1298 431 easdem
1440 391 1450 440 3'

251 447 316 484 Bis
344 447 448 484 fluxit
475 447 588 484 imber
616 445 810 493 sanguinis
837 458 900 493 per
928 446 1074 484 herbas.
1286 448 1334 485 10

200 500 324 537 Prima
353 500 509 537 PETRVM
539 498 598 548 (3)
620 499 743 546 rapuit
771 499 955 536 sententia
981 499 1127 547 legibus
1158 500 1331 547 Neronis,

252 553 412 590 Pendere
440 552 579 590 iussum
607 552 855 599 praeminente
883 552 1000 600 ligno.

199 607 266 643 Ille
294 608 419 643 tamen
447 606 583 642 veritus
612 605 729 642 celsae
759 605 868 642 decus
897 605 1115 643 aemulando
1145 606 1273 644 mortis

250 659 399 696 Ambire
426 658 524 695 tanti
552 658 706 706 gloriam
736 658 924 705 Magistri,

197 712 335 758 Exigit,
354 713 394 748 nt
408 712 560 758 pedibus
575 723 732 749 mersum
751 713 861 758 caput
876 711 1085 758 imprimant
1103 711 1262 759 supinis,
1284 712 1332 750 15

249 766 325 810 Quo
354 766 490 811 spectet
518 764 630 801 imum
659 764 822 811 stipitem
850 765 1006 802 cerebro.

196 818 340 865 Figitur
354 829 439 864 ergo
455 829 586 854 manus
601 818 739 864 subter,
759 817 835 854 sola
854 817 912 866 (4)
931 829 1058 854 versus
1074 817 1111 854 in
1132 829 1303 855 cacumen
1320 833 1327 855 :

249 872 328 908 Hoc
354 873 474 907 mente
503 870 632 916 maior,
665 882 734 918 quo
763 871 881 907 minor
909 871 1044 917 figura.

195 925 358 961 Noverat
386 936 429 961 ex
456 923 586 961 humili
614 924 756 961 caelum
784 923 893 961 citius
922 924 1037 961 solere
1066 923 1183 970 adiri;

249 977 387 1014 Deiecit
415 988 477 1014 ora
508 976 582 1025 (5),
616 977 784 1024 spiritum
815 977 981 1014 daturus.
1283 978 1332 1015 20

257 1129 300 1167 (1)
324 1130 390 1159 Scit
415 1129 569 1158 Tiberina
587 1129 702 1166 palus,
724 1130 861 1166 flamine
883 1139 964 1168 qum:
987 1129 1160 1166 lambitur,
1181 1129 1332 1159 Hemsxvs

193 1171 292 1200 edidit
314 1171 452 1208 labitur,-
473 1170 522 1200 sed
547 1171 676 1207 priorem
700 1170 770 1201 leet.
796 1171 827 1199 in
849 1171 924 1200 bene
955 1171 1061 1200 inultis
1084 1180 1156 1201 msS.
1183 1171 1332 1208 repperiri

195 1212 320 1242 fatetur.
345 1212 426 1250 Quae
449 1220 518 1240 nam
541 1212 636 1241 fuerit
658 1211 746 1249 palus
763 1212 937 1241 istiusmodi
957 1214 1153 1248 utrorumque
1170 1213 1246 1250 App.
1263 1221 1330 1242 san·
1379 1218 1382 1222 ’

193 1254 284 1290 guine
306 1262 441 1290 respersa
463 1254 625 1290 disputant
647 1253 764 1282 critici.

256 1307 299 1344 (2)
322 1307 420 1336 Binis
441 1306 584 1335 dicatum
608 1307 777 1343 cawpe’tem
800 1307 952 1344 tropaeis.
981 1306 1107 1343 Caespes
1126 1315 1162 1336 ex
1179 1307 1268 1336 Festo
1285 1308 1332 1336 ost

170 1358 173 1369 ¹
196 1349 278 1377 terra
301 1348 332 1376 in
354 1348 461 1376 lateris
485 1348 606 1376 modum
628 1357 716 1376 caesa
732 1356 799 1376 cum
823 1348 933 1381 herbaz
959 1350 990 1377 et
1014 1348 1060 1377 vel
1082 1358 1100 1377 a
1115 1348 1260 1377 Romanis
1282 1357 1330 1378 ve-

193 1389 375 1418 tustioribus
398 1389 602 1418 adhibebatur
636 1389 665 1417 in
697 1389 758 1418 aris
781 1389 980 1425 extruendis,
1005 1390 1195 1425 tumulisque
1228 1391 1328 1419 conte-

193 1430 311 1467 gendis.
342 1430 405 1459 Hoc
428 1439 516 1459 sensu
539 1430 638 1460 Pavo.
669 1429 749 1472 Περὶ
770 1428 868 1474 Στεφ,
888 1431 924 1469 V,
942 1431 1001 1465 50;
1025 1434 1057 1460 et
1078 1431 1120 1466 X,
1147 1432 1216 1461 187.
1253 1431 1329 1461 Cae-

192 1478 276 1515 spite
288 1479 389 1506 autem
414 1477 471 1506 duo
509 1478 658 1514 tropaea,
681 1486 734 1506 seu
756 1478 894 1514 sepulcra
910 1500 917 1512 ‚
952 1478 1179 1507 exornabantur
1207 1478 1246 1507 ad
1279 1478 1330 1507 ho-

194 1528 295 1548 norem
311 1519 362 1548 SS.
380 1519 466 1548 Petri
483 1520 517 1547 et
536 1519 637 1548 Pauli.
663 1519 704 1548 De
728 1519 809 1548 binis
827 1519 909 1548 hisce
931 1519 1068 1555 tropaeis
1085 1519 1161 1549 haec
1176 1519 1223 1548 ait
1238 1519 1331 1549 CAlvs

193 1561 344 1589 Romnvs
366 1560 444 1596 apud
458 1560 621 1589 Eusebium
637 1560 671 1590 L.
688 1560 730 1595 11,
746 1560 778 1590 C.
796 1560 898 1590 XXV:
917 1570 934 1588 α
951 1560 1014 1596 Ego
1030 1569 1099 1590 vero
1117 1560 1329 1597 Apostolorum

192 1602 290 1638 (Petri
313 1604 345 1630 et
361 1601 462 1636 Pauli)
487 1604 613 1638 tropaea
636 1610 756 1638 possum
779 1601 952 1636 ostendere;
972 1610 1042 1631 nam
1062 1602 1127 1631 sive
1153 1602 1186 1631 in
1206 1601 1329 1632 Vatica-

192 1651 276 1678 num,
298 1643 362 1672 sive
385 1643 422 1671 ad
444 1642 612 1672 Ostiensem
636 1643 718 1671 viam
742 1651 865 1680 pergere
887 1643 976 1679 libet,
999 1644 1159 1672 occurrent
1180 1643 1240 1672 tibi
1269 1645 1329 1672 tro-

193 1693 268 1721 paea
290 1693 404 1719 eorum,
429 1684 480 1720 qui
503 1683 671 1713 Ecclesiam
695 1684 779 1713 illam
792 1685 988 1722 (Romanam)
1013 1684 1264 1715 aedificaverunt.
1290 1695 1307 1712 »

255 1738 298 1773 (23)
322 1738 439 1766 Prima
461 1738 610 1767 Petrum.
636 1738 714 1767 Nero
736 1737 830 1767 iussit
863 1737 987 1767 Petrum
1003 1738 1154 1775 ,primum
1176 1737 1258 1767 cruci
1282 1737 1326 1767 af-

192 1779 260 1813 figi:
284 1779 335 1807 sed
360 1779 407 1807 hie
431 1787 468 1807 ne
490 1778 617 1813 gloriam
640 1778 851 1816 Redemptoris
873 1781 907 1808 et
928 1779 1071 1815 magistri
1096 1779 1143 1808 sui
1172 1779 1328 1808 videretur

192 1820 321 1854 ambire,
345 1820 525 1856 impetravIt
548 1822 583 1849 ut
604 1821 705 1857 capite
727 1821 757 1849 in
775 1823 889 1850 terram
905 1823 1063 1857 speetante
1087 1820 1324 1857 impenderetur.

255 1873 298 1905 (4)
321 1872 389 1901 sola
406 1873 453 1901 est
474 1872 650 1909 plurativus
673 1881 814 1902 numerus
839 1873 919 1902 vocis
947 1874 1053 1902 solum
1083 1873 1156 1908 soli,
1180 1873 1259 1909 quod
1282 1874 1326 1902 in-

193 1914 311 1942 ter-lum
335 1914 441 1950 pedum
458 1914 622 1949 vestigium
639 1915 811 1949 significat:
832 1914 909 1943 unde
924 1922 976 1943 nos
993 1914 1062 1943 itali
1077 1914 1203 1943 fecimus
1217 1915 1324 1945 suola.

194 1955 228 1985 V.
268 1954 347 1998 ΙΙερὶ
374 1953 476 1999 Στεφ.
508 1955 574 1990 VII,
600 1956 655 1988 65:
681 1955 764 1991 XIV,
784 1956 860 1990 116,
888 1955 1016 1988 ’,ἂι-ποθ.
1063 1957 1131 1986 766.
1166 1955 1201 1985 In
1245 1956 1324 1994 plur.

192 2010 274 2032 num.
300 2003 488 2039 usurparunt
510 2002 598 2032 Luer.
622 2002 665 2038 11,
688 2003 766 2036 592,
790 2004 822 2032 et
843 2002 956 2033 Catull.
981 2002 1082 2032 LXIII
1108 2003 1139 2033 7.

253 2056 297 2092 (5)
334 2055 445 2084 deiecit
479 2065 538 2086 ora
573 2064 676 2086 omnes
713 2055 807 2086 ferme
843 2056 925 2086 editt
944 2079 952 2088 .
991 2056 1026 2086 In
1063 2055 1232 2088 Amsteiod.
1272 2065 1323 2090 an.

194 2103 334 2126 mncxxm
358 2097 479 2129 defecit.
504 2098 626 2132 Apage!
