1450 2537
200 123 275 164 104
580 134 729 162 Avnmu
757 133 954 162 annmwn

411 248 482 285 Hie
511 248 596 286 finis
622 248 750 285 orandi
779 248 862 294 fuit,
1245 249 1322 286 485

356 302 404 339 Et
433 301 516 339 finis
545 302 639 339 idem
666 301 803 338 vinculi

356 354 546 392 Carnalis:
578 355 696 401 erupit
724 354 849 391 volens

355 408 488 446 Vocem
516 411 661 446 secutus
690 407 854 454 spiritus.

407 479 542 516 Vexere
570 489 714 525 corpus,
745 477 902 515 subditis

354 531 575 576 Cei-vicibus,
607 531 755 578 quidam
783 532 904 577 patres
935 529 1011 579 (1),
1243 532 1321 569 490

352 584 449 629 Quos
478 584 571 620 mira
598 584 748 621 libertas
776 583 844 619 viri

352 637 501 674 Ambire
531 637 714 673 Christum
743 638 921 673 suaserat.

405 708 549 754 Repons
580 706 639 755 (2)
668 706 847 743 medullas
876 706 1017 744 indoles

351 760 535 806 Adflarat,
567 762 603 797 et
630 763 798 807 coegerat

351 814 483 851 Amore
503 813 669 851 sublimis
697 813 765 850 Dei
1243 813 1318 851 495

353 867 481 905 Odisse
509 878 630 914 nugas
657 866 848 913 pristinas.

404 936 563 975 Refrixit
590 949 632 974 ex
661 937 724 974 fflo
750 937 808 974 die

350 991 479 1028 Cultus
507 991 653 1028 deorum
679 990 863 1037 turpium3

351 1044 460 1081 Plebs
488 1043 527 1080 in
555 1043 700 1081 sacellis
726 1043 842 1081 rarior
873 1042 956 1092 (3):

349 1096 486 1135 Christi
513 1097 561 1133 ad
587 1097 752 1134 tribunal
781 1097 950 1134 curritur.
1242 1096 1319 1133 500

400 1167 458 1205 Sic
485 1167 665 1205 dimicans
692 1168 930 1205 LAVRENTIVS

349 1221 433 1257 Non
463 1232 548 1258 ense
575 1220 780 1268 praecinxit
806 1220 928 1265 latus3

349 1274 493 1311 Hostile
522 1274 585 1311 sed
612 1274 747 1310 ferrum
774 1274 869 1310 retro

347 1327 534 1374 Torquens
561 1327 602 1364 in
629 1328 812 1364 auctorem
840 1325 940 1363 tulit.

401 1398 499 1435 Dum
527 1398 679 1435 daemon
707 1397 885 1434 invictum
914 1396 982 1434 Dei
1243 1397 1318 1434 505

347 1452 491 1488 Testem
517 1451 666 1488 lacessit
692 1450 845 1498 praelio,

349 1504 540 1542 Perfossus
568 1504 645 1551 ipse
673 1503 845 1550 concidit,

347 1558 396 1595 Et
423 1559 561 1595 stratus
589 1559 776 1594 aeternum
803 1557 911 1594 iacet.

251 1705 295 1743 (1)
317 1705 454 1743 quidam
472 1706 597 1742 patres.
616 1703 745 1741 Quidam
767 1703 888 1733 scilicet
904 1703 1073 1740 senatores,
1091 1703 1144 1740 qui
1161 1703 1321 1733 doctrinae

188 1754 384 1784 Christianae
406 1761 514 1781 nomen
536 1752 694 1781 dederant.

251 1814 294 1851 (2)
316 1821 439 1850 repens.
464 1812 646 1849 Repentina.
672 1811 738 1840 Non
771 1810 902 1840 facimus
924 1819 993 1840 cum
1016 1809 1156 1845 eelim-io,
1182 1809 1234 1845 qui
1262 1809 1317 1839 ali-

189 1870 262 1897 quos
285 1860 370 1889 «odd.
394 1860 527 1894 secutus,
544 1859 639 1894 legit:
663 1859 811 1897 replens;
834 1859 880 1888 uti
896 1859 979 1888 enim
993 1857 1135 1887 enucleat
1149 1857 1317 1887 Giselinus:

189 1920 206 1937 «
229 1909 327 1937 libera
350 1907 498 1943 quaedam
522 1908 553 1936 et
575 1906 687 1936 nobilis
710 1906 898 1942 generositas
920 1914 936 1934 e
959 1905 1090 1941 vestigio
1112 1905 1247 1933 animum
1270 1913 1318 1933 su-

188 1956 299 1986 bierat.
323 1965 340 1982 »

250 2014 294 2052 (3)
304 2013 395 2052 plebs
410 2014 445 2042 in
461 2013 590 2042 sacellis
604 2012 729 2042 rarior.
745 2012 811 2041 Hac
839 2011 875 2041 de
897 2019 930 2041 re
955 2009 1059 2041 confer
1073 2010 1177 2039 Pium
1199 2010 1311 2040 Ivmon

188 2063 250 2101 Ep.
273 2062 315 2099 X,
338 2070 386 2100 ep.
409 2062 448 2092 97
470 2061 653 2099 Imperatori
675 2061 818 2091 Traiano.
