1502 2537
362 184 471 219 [li-:Pl
498 184 755 219 ΣῚἘΦΑΝΩΝ
788 190 937 218 nnmvs
964 191 986 218 x
1159 178 1232 218 179

115 256 220 264 ——

265 307 377 355 Lapis
405 306 565 353 nigellus
594 304 653 353 (1)
682 305 890 342 evehendus
919 304 1059 350 essedo,

215 360 404 398 Muliebris
433 360 506 398 oris
534 359 682 397 clausus
710 360 862 405 argento
891 357 1018 395 sedet:

213 416 325 460 Quem
354 414 439 451 dum
468 413 514 450 ad
542 412 727 449 lavacrum
753 410 958 458 praeeundo
978 410 1110 448 ducitis
1140 412 1214 458 (2),

217 467 328 504 Pedes
357 466 503 504 remotis
530 466 727 502 atterentes
755 464 900 509 calceis,

215 519 383 558 Almonis
411 531 524 566 usque
552 517 749 565 pervenitis
776 517 946 555 rivulum.
1157 516 1231 553 160

266 573 361 619 Quid
389 572 453 610 illa
480 571 598 618 turpis
625 572 785 618 pompa?
813 582 940 617 nempe
970 569 1148 614 ignobiles

215 626 289 664 Vos
316 637 394 664 esse
422 625 617 670 monstrat,
647 636 757 671 quani
786 623 937 670 Luperci
964 622 1110 660 curritis
1140 624 1214 671 (3).

216 680 330 725 Quem
359 677 583 716 servulorum
611 688 684 714 non
713 688 793 713 rear
823 676 1054 721 vilissimum,

215 732 347 770 Nudus
375 732 516 780 plateas
545 730 576 767 si
604 741 666 777 per
693 741 818 767 omnes
845 729 1044 774 cursitans,

216 784 343 822 Pulset
369 784 510 832 puellas
537 783 681 820 verbere
710 783 802 820 ictas
829 781 994 819 ludicro?
1159 780 1231 817 105

268 838 417 876 Miseret
433 839 579 875 tuorum
599 847 654 873 me
674 847 857 873 sacrorum
877 837 913 872 et
931 834 1151 882 principum,

215 892 441 939 Merumque,
467 891 598 931 Roma,
628 888 765 926 saeculi
792 900 972 926 summum
1001 889 1123 934 capnt.

215 946 309 992 Age,
340 943 570 991 explicemus,
600 942 631 979 si
658 942 794 988 placet,
826 941 1014 988 mysteria,

216 996 415 1042 Praefecto,
446 997 590 1033 vestra:
622 995 695 1032 iam
724 1005 870 1032 necesse
897 995 954 1030 est
980 992 1125 1038 audias,

214 1049 321 1088 Nolis
349 1049 499 1095 velisve,
530 1048 618 1096 quid
645 1047 776 1085 colatis
805 1046 979 1084 sordium.
1159 1045 1233 1082 170

266 1103 345 1140 Nec
371 1103 482 1140 terret
509 1101 594 1147 ista,
627 1112 699 1148 qua
726 1103 859 1146 tumes,
890 1098 1055 1144 vesania,

212 1155 315 1202 Quod
342 1155 546 1199 vultuosus,
578 1154 673 1201 quod
701 1153 868 1200 supinus,
891 1153 987 1200 quod
1014 1152 1152 1200 rigens,

157 1226 164 1232 ·
213 1210 409 1246 Tormenta
436 1207 500 1245 leti
528 1206 761 1245 comminaris
789 1205 932 1253 asperi3

212 1262 250 1299 Si
278 1273 334 1299 me
362 1272 502 1299 movere
531 1261 638 1298 rebus
666 1259 752 1297 ullis
780 1259 924 1304 niteris,

214 1315 370 1354 Ratione
397 1325 553 1360 mecum,
585 1324 658 1351 non
687 1312 806 1350 furore
835 1311 981 1349 dimica.
1160 1310 1234 1348 175

168 1444 214 1482 (1)
234 1444 339 1482 Lapis
360 1443 513 1481 niyellus.
536 1441 738 1472 Simulacrum
753 1440 871 1471 Cibeles
886 1450 923 1470 ex
937 1441 1038 1477 lapide
1054 1441 1140 1476 nigro
1155 1441 1235 1475 erat,

107 1485 295 1522 Romamque
316 1485 495 1515 Pessinunte
518 1484 649 1521 primum
671 1486 718 1513 est
732 1484 965 1519 comportatum.
984 1482 1006 1511 E
1029 1482 1170 1517 magnete
1192 1482 1236 1510 sa-

106 1529 191 1557 ctum
211 1527 300 1557 docet
320 1526 365 1556 10.
390 1526 506 1555 Frider.
530 1524 733 1554 Herium-ivs
755 1524 965 1552 Korzxuvnecx
988 1523 1018 1552 in
1041 1524 1148 1560 Opere,
1173 1524 1235 1552 eni.

109 1569 175 1599 tit.:
198 1569 247 1598 De
266 1567 477 1597 admirandis
490 1566 647 1596 Etltnicae
665 1565 851 1603 Tlleoquiae
867 1565 1040 1602 mysteriis.
1059 1564 1234 1593 Muliebrem

108 1610 219 1639 faciem
246 1608 481 1646 praeseferebat,
503 1607 555 1637 sed
577 1607 655 1644 lapis
679 1607 802 1636 omnino
824 1605 1016 1634 rudiuseulus
1038 1605 1100 1634 suit
1114 1606 1146 1634 in
1168 1605 1236 1634 coni

107 1650 343 1680 similitudinem
358 1649 514 1688 desinens3
533 1649 585 1685 qui
600 1650 703 1678 tamen
719 1649 750 1677 in
766 1647 902 1684 capsula,
918 1655 970 1676 seu
986 1646 1076 1676 theca
1091 1647 1237 1683 argentea

107 1692 350 1722 custodiebatur.

171 1739 218 1777 (2)
242 1738 286 1767 ad
309 1738 478 1767 lavacrum
510 1737 643 1766 ducitis.
678 1735 856 1766 Sacerdotes
889 1735 1012 1772 Cybeles
1046 1735 1142 1772 ipsius
1163 1735 1236 1764 (leae

107 1781 305 1810 simulacrum
328 1787 361 1809 et
382 1778 496 1808 cultros
517 1777 775 1813 sanguinolentos,
800 1785 914 1813 suaque
936 1776 1062 1805 vulnera
1082 1776 1235 1812 absterge-

109 1822 184 1852 bant
205 1822 238 1851 in
260 1821 398 1855 Almone,
422 1819 550 1857 parvulo
572 1819 617 1854 ss.,
643 1818 722 1855 quod
743 1818 915 1848 decurreret
931 1825 1022 1855 prope
1043 1819 1165 1854 portam
1180 1818 1235 1847 Ca-

109 1871 230 1901 penam,
253 1862 363 1898 cuique
380 1861 563 1891 recentiores
578 1860 788 1898 Aoquaterico
803 1867 911 1889 nomen
927 1858 1075 1888 fecerunt.
1089 1858 1125 1887 V.
1143 1858 1234 1890 Ovm.

108 1905 198 1935 Fast.
221 1903 275 1938 1v,
293 1904 366 1938 337,
382 1904 414 1932 et
428 1910 526 1938 seqq.;
545 1902 618 1932 ch.
634 1902 661 1937 1,
678 1902 754 1936 600;
774 1901 881 1930 MART.
899 1900 957 1936 111,
974 1900 1030 1935 47;
1048 1899 1079 1930 S.
1098 1899 1235 1930 AvovsT.

109 1946 155 1976 De
178 1946 247 1976 Giv.
271 1945 345 1980 Dei,
369 1944 411 1979 11,
437 1944 467 1973 4.

171 1992 218 2030 (3)
245 1991 398 2029 Luperci,
431 1991 581 2020 curritis.
605 1989 707 2019 Mense
738 1989 814 2019 febr.
838 1988 1015 2019 Saverdotes
1034 1988 1162 2025 Luperci
1182 1997 1237 2026 per

110 2034 216 2064 urbem
246 2033 321 2062 nudi
353 2032 578 2066 discurrebant,
614 2039 703 2060 saera
738 2030 836 2060 Panos
867 2030 969 2059 Πυθοῖ
1002 2030 1169 2065 agitantes.
1193 2029 1236 2059 De

109 2075 219 2112 quibus
239 2074 309 2104 vide
330 2073 420 2103 Ovrn.
452 2073 482 2102 II
496 2095 504 2108 ‚
528 2073 588 2102 267
609 2074 644 2102 et
663 2080 748 2108 seqq.
772 2073 900 2101 Pastor.
926 2070 1104 2108 Lupercalia
1133 2070 1234 2101 adhuc

109 2115 231 2147 saeculo
246 2116 354 2153 quinto
378 2115 535 2153 vigebant,
558 2115 638 2144 teste
659 2114 790 2143 Beronio
811 2113 851 2143 ad
871 2121 921 2143 an.
945 2119 1100 2142 ccccxcvi.
