1502 2537
0 1758 18 2047 *νῆϊν-μεῖν’*
0 1700 10 1715 r
0 1651 5 1669 -·

377 167 485 204 navi
512 167 770 205 ΣΤΕΦΑΝΩΝ
803 176 953 204 umnvs
981 177 1016 203 xi
1171 166 1245 203 227

126 289 334 328 Dissociata
359 291 503 338 putrem
529 290 655 328 laxent
680 290 851 329 tubulata
878 291 1057 335 carinam,

178 342 469 391 Conceptumquo
480 376 483 378 .
496 344 626 381 bibant
651 343 811 391 undique
840 344 1087 389 naufragium.

124 396 303 444 Squamea
330 407 483 434 coenoso
511 396 712 443 praestabit
738 399 862 434 ventre
895 397 1098 443 sepulcrum
1200 396 1247 433 75

177 448 321 494 Bellua,
351 449 576 496 consumptis
603 449 714 487 cruda
742 450 995 486 cadaveribus.
1027 464 1048 483 »
1078 471 1129 476 —

126 501 228 540 Haec
255 502 489 549 persultanti,
520 502 656 539 celsum
684 502 805 540 subito
833 505 918 539 ante
946 502 1105 540 tribunal

178 555 337 594 offertur
364 555 484 592 senior
512 555 664 593 nexibus
692 555 903 602 implicitus.

123 607 258 656 stipati
282 607 418 646 circum
447 608 594 645 iuvenes
620 608 776 646 clamore
804 609 982 654 ferebant,

178 661 305 708 Ipsum
333 660 561 698 Christicolis
589 673 666 698 esse
694 662 805 708 caput
831 661 988 708 populis.
1198 663 1247 699 30

124 713 162 751 Si
189 713 282 751 foret
307 713 526 751 exstinctum
554 724 703 761 propere
731 716 855 762 caput,
886 714 1007 751 omnia
1037 714 1137 762 vulgi

101 779 106 782 ·
178 766 330 804 Pectora
357 766 534 804 Romanis
561 768 690 814 sponte
718 767 899 804 sacranda
927 767 1016 804 deis.

123 818 321 857 Insolitum
348 819 409 856 leti
439 822 595 866 poscunt
621 831 753 867 genus,
784 822 820 857 et
847 831 943 857 nova
971 831 1107 867 poenae

176 871 351 917 Inventa,
381 872 542 919 exemplo
569 883 640 920 quo
666 872 849 920 trepident
876 872 955 910 alii.

123 924 194 963 me
221 924 393 973 supinata
420 925 585 962 residens
611 925 771 963 cervice:
794 947 844 952 —
866 940 886 959 «
907 926 1011 971 Quis,
1043 925 1175 973 inquit,
1199 927 1247 963 85

177 977 347 1016 Dicitur?
375 991 399 1012 »
426 999 480 1004 —
505 978 726 1024 adfirmant,
758 978 868 1015 dicier
899 978 957 1025 (1)
989 979 1246 1016 Hnuuuxrvn.

126 1044 148 1066 «
167 1051 221 1058 —
239 1031 337 1078 Ergo
356 1030 405 1068 sit
423 1031 678 1068 HIPPOLY'rvs:
701 1031 858 1078 quatiat,
880 1031 1070 1078 turbetque
1091 1032 1247 1079 iugales,

176 1083 408 1131 Intereatque
437 1083 523 1121 feris
552 1083 770 1121 dilaceratus
798 1084 915 1131 equis.
948 1097 970 1117 »
1001 1105 1050 1111 -

128 1136 195 1175 Vix
221 1136 312 1174 haec
339 1136 419 1174 ille:
451 1136 521 1174 duo
548 1139 686 1184 cogunt
712 1137 903 1182 animalia,
934 1136 1027 1174 freni

173 1189 319 1242 Ignara·
339 1189 483 1227 insueto
510 1190 662 1227 subdere
688 1190 782 1227 colla
805 1190 914 1238 iugo:
1198 1192 1248 1229 90

124 1241 209 1280 Non
235 1242 406 1292 stabulis,
435 1242 607 1280 blandive
634 1254 746 1281 manu
772 1243 923 1291 palpata
951 1243 1134 1290 magistri,

173 1295 444 1343 Imperiumque
471 1295 604 1343 equitis
631 1298 716 1333 ante
745 1297 897 1333 subacta
925 1296 1025 1343 pati;

121 1347 191 1386 Sed
216 1349 417 1396 campestre
444 1359 539 1396 vago
566 1359 681 1396 nuper
708 1360 817 1396 pecus
846 1360 864 1385 e
892 1360 1002 1396 grege
1030 1350 1192 1395 captum,

173 1401 277 1447 Quod
302 1412 416 1448 pavor
443 1401 619 1439 indomito
647 1401 750 1439 corde
778 1401 918 1439 ferinus
946 1403 1039 1448 agit.

122 1454 274 1501 Iamque
301 1453 525 1492 reluctantes
553 1454 738 1492 sociarant
764 1454 911 1491 vincula
938 1455 1062 1501 bigas,
1196 1456 1249 1492 95

175 1507 319 1554 Oraque
346 1506 504 1544 discordi
530 1507 670 1544 foedere
699 1509 912 1544 nexuerant.

121 1559 291 1597 'remonis
318 1559 398 1597 vice
426 1559 526 1596 funis
554 1560 663 1605 inest,
695 1560 757 1607 qui
783 1561 891 1607 terga
919 1560 1072 1598 duorum

174 1611 330 1659 Dividit,
359 1614 397 1650 et
423 1612 564 1650 medius
591 1613 716 1660 tangit
742 1615 934 1661 utrumque
959 1613 1073 1651 latus.

120 1779 188 1800 cum
217 1769 344 1800 Verrzlo
372 1769 547 1807 praeferunt
585 1769 770 1807 Giphanium
799 1770 830 1800 in
852 1770 983 1801 medium
1011 1771 1100 1800 uobis
1118 1775 1247 1808 ponunt,

120 1812 172 1848 qui
195 1811 226 1841 in
248 1811 403 1842 annotatt.
429 1811 467 1840 ad
489 1810 689 1841 Laurentium
719 1811 869 1841 rabidum
893 1821 947 1850 pro
969 1812 1124 1850 rapidum
1148 1813 1246 1850 legen-

119 1853 192 1883 dum
212 1861 277 1883 aese
297 1852 472 1882 contendit!

182 1906 228 1945 (1)
251 1905 359 1936 dicier.
382 1903 590 1950 παραγωγὴ.

182 1981 221 1986 -
243 1965 295 1994 Sit
315 1964 525 2002 Hippolytus.
549 1964 663 1993 Graece
688 1962 887 2002 Ἱππόλυτος
904 1965 955 2002 (ab
965 1965 1051 2001 equis
1065 1965 1245 2004 dissolutus)

120 2011 226 2042 Thesei
246 2015 279 2041 et
300 2011 482 2049 Hippolytae
504 2012 664 2040 Amazonis
687 2011 778 2046 filiis,
802 2020 893 2041 curru
910 2011 1048 2041 invectus
1078 2012 1116 2041 ad
1145 2020 1242 2050 mare,

121 2053 160 2082 ab
179 2053 337 2082 exterritis
357 2053 443 2088 equis
468 2053 636 2089 ‹lis-ermus
658 2052 735 2081 dicit
759 2061 774 2082 r
796 2053 826 2082 iu
851 2053 981 2082 historia
1002 2053 1147 2085 fabulari.
1170 2053 1247 2084 Vide

121 2094 212 2126 Ovm.
235 2095 313 2125 Met.
336 2093 404 2130 XV,
428 2095 487 2125 497
509 2096 542 2124 et
561 2102 646 2130 seqq.

0 2305 66 2537 W„
0 2161 20 2295 *⁹⁸⁴⁰*-
0 2118 10 2141 ··
0 2091 13 2102 ’

21 2441 28 2447 .
26 2399 34 2417 Ὁ.

89 2509 127 2537 5:¹5
119 2484 122 2486 ι
95 2211 100 2216 ’
