1450 2537
251 168 299 205 22
632 178 780 206 AVRELH
810 178 1004 204 Pavonum

357 291 490 327 (nunes
518 291 613 337 quod
641 302 780 334 sumus,
812 291 876 325 aut
904 288 1082 335 vigemus,
1116 289 1197 326 inde
1227 292 1281 327 sest
1298 291 1371 340 (l).

303 344 448 387 ling-nat
476 343 630 390 Spiritus
659 343 719 379 ille
748 341 1002 388 sempiternus,

302 398 335 432 Λ
366 396 508 433 Christo
536 396 644 432 simul
673 397 707 432 et
737 396 891 431 Parente
920 394 1067 431 missus.
1325 397 1371 433 15

358 450 478 486 intrat
504 450 648 495 pectora
676 448 853 485 candidus
883 447 1027 493 pudica,

302 506 399 546 Quae
428 501 553 547 templi
580 502 655 538 vice
684 501 894 538 consecrata
921 500 1054 545 rident,

306 556 501 600 Postquam
531 553 768 591 combiberint
796 554 911 590 Deum
940 553 1121 590 medullis.

356 608 437 653 Sed,
470 607 501 644 si
531 607 618 654 quid
646 606 727 643 vitii
755 606 871 643 dolive
900 606 1003 644 nasci

302 660 405 697 Inter
432 660 571 696 viscera
598 659 671 696 iam
699 659 820 696 dicata
848 659 986 705 sensit,
1325 662 1375 698 20

304 714 375 751 Ceu
404 724 572 759 spurcum
600 712 735 759 refugit
762 712 854 749 celer
882 711 1068 750 sacellum.

354 767 500 803 'Petrum
528 765 663 813 flagrat
689 765 787 802 enim
814 776 945 812 vapore
973 776 1095 802 crasso
1117 765 1176 814 (2)

302 819 440 855 Horror
468 818 633 856 conscius
662 819 851 856 aestuante
880 818 1001 866 culpa,

304 872 560 919 Offensumque
587 871 722 909 bonum
748 871 854 919 niger
880 872 1035 918 repellit.

354 925 430 962 Nec
461 924 559 962 solus
586 925 702 971 pudor
727 924 946 962 innocensve
975 926 1099 962 votum
1322 927 1371 963 25

300 977 489 1024 Templum
517 977 748 1015 constituunt
773 989 930 1025 perenne
959 978 1103 1016 Ulnisto

302 1031 347 1067 In
377 1031 496 1068 cordis
524 1030 633 1067 medii
661 1030 745 1068 sinu
773 1042 816 1068 ac
842 1042 1007 1076 recessu3

354 1084 436 1130 Sed,
467 1095 512 1120 ne
540 1083 689 1130 crapula
716 1083 855 1121 ferveat
882 1085 1082 1121 cavendum
1112 1086 1181 1129 est,

301 1137 398 1181 Quae
427 1137 547 1174 sedem
575 1137 660 1174 fidei
688 1137 779 1174 cibis
806 1137 976 1174 refertam

301 1190 422 1236 Usque
451 1190 499 1226 ad
526 1190 730 1237 congeriem
757 1191 894 1228 coartet
920 1190 1035 1228 intus.
1323 1191 1373 1229 30

355 1243 481 1280 Parcis
508 1243 664 1280 victibus
693 1244 859 1290 expedita
886 1244 995 1281 corda

300 1295 471 1332 Infusum
499 1295 627 1333 melius
656 1297 773 1333 Deum
800 1298 1007 1343 receptant:

300 1348 372 1386 Hic
399 1350 527 1395 pastus
555 1349 699 1386 animae
726 1351 795 1395 est,
826 1361 1001 1397 saporque
1030 1361 1150 1388 verus.

353 1402 421 1438 Sed
449 1413 515 1439 nos
542 1404 583 1439 tu
611 1402 756 1450 gemino
783 1403 910 1440 fovens
937 1404 1088 1449 paratu,

299 1456 414 1492 Artus
441 1457 549 1502 atque
578 1455 722 1493 animas
749 1457 900 1503 utroque
928 1457 1037 1502 pastu
1126 1473 1130 1477 -
1321 1457 1370 1494 35

300 1508 516 1554 confirmas,
548 1509 671 1556 Pater,
703 1520 746 1546 ac
773 1509 897 1558 vigore
924 1509 1096 1555 comples.

353 1561 410 1598 Sic
439 1561 525 1598 olim
552 1563 617 1598 tua
644 1561 857 1609 praecluens
884 1563 1061 1609 potestas,

297 1613 401 1650 Inter
428 1614 641 1652 raucisonos
669 1615 781 1652 situm
808 1616 944 1661 leones,

297 1667 460 1713 Inlapsis
490 1667 644 1714 dapibus
672 1669 791 1706 virum
817 1668 949 1706 refovit
978 1668 1052 1716 (3).

351 1720 462 1757 Illum
487 1720 594 1758 fusile
623 1732 757 1758 numen
785 1723 1046 1769 exsecrantem,
1321 1723 1372 1759 40

297 1772 346 1809 Et
373 1785 521 1811 curvare
550 1776 660 1821 caput
688 1775 756 1812 sub
783 1774 941 1822 expolita

295 1826 402 1863 Aeris
431 1826 582 1863 materia
609 1827 714 1865 nefas
741 1829 932 1874 putantem

307 1952 351 1991 (1)
378 1955 504 1985 Omnes.
530 1971 569 1977 —
586 1956 683 1986 Omne
706 1956 809 1987 Vatic.
833 1965 920 1993 unus,
944 1958 977 1986 et
999 1957 1119 1988 Werrz.

305 2005 350 2043 (2)
377 2007 530 2045 Τεενιιηη
551 2010 584 2037 et
616 2017 683 2038 curn
716 2009 904 2047 diphthongo
937 2012 1075 2039 taetrum
1092 2032 1101 2046 ,
1126 2019 1144 2040 a
1178 2011 1297 2042 taedeo.
1324 2026 1366 2035 —-

239 2048 376 2085 llayrat.
399 2048 435 2079 V.
460 2047 609 2094 Καθημ,
634 2048 672 2080 V.
696 2050 738 2086 11,
762 2051 813 2081 33.
838 2051 898 2080 Alii
920 2052 1062 2089 frayrat.

307 2101 350 2139 (3)
375 2102 495 2131 vii-mn.
518 2101 674 2132 Danielem
697 2103 888 2141 prophetam.
