1502 2610
73 317 81 326 .
220 348 225 351 ⁴
356 244 1084 329 11111111131111111111111113

158 407 592 483 CAESARI
624 383 971 483 CANTV
1010 411 1097 482 v.
1133 410 1275 482 eL.

579 575 623 608 S.
651 575 699 608 P.
727 576 784 609 1).
808 575 860 620 (*)

160 751 332 816 Avitum
369 766 604 815 Clementis
629 767 857 815 Prudentii
894 782 1037 829 opera,
1076 783 1184 828 quae
1211 784 1281 815 su-

161 840 357 899 persunt,
368 852 422 886 ex
435 839 607 886 officina
615 837 829 886 Asceterii
841 839 1051 886 Salesiani
1064 839 1281 897 editurus,

160 923 338 970 parvum
363 908 482 957 hunc
520 909 682 957 laboris
711 911 794 957 mei
824 909 1019 958 fructum
1048 911 1095 957 in
1131 926 1283 958 manus

160 979 382 1028 hominum
410 981 555 1028 venire
581 983 781 1028 ornatum
816 981 1179 1029 commendatione
1213 984 1282 1029 tui

160 1051 345 1100 nominis
374 1052 602 1100 constitui.
630 1053 700 1099 Tu
723 1053 854 1112 enim,
880 1053 959 1100 Vir
998 1052 1083 1111 GL,
1110 1052 1281 1114 hispani

208 1197 258 1239 (*)
281 1197 365 1233 Dum
389 1197 472 1232 hanc
493 1198 663 1242 epistolam
691 1196 723 1232 Γ.
741 1197 853 1239 cautu,
872 1197 1062 1242 inscriptam
1081 1195 1278 1232 officinatori

158 1244 297 1281 librario
320 1245 538 1281 excudendaln
556 1246 634 1291 tipis
652 1245 890 1290 consignareni,
909 1248 1039 1279 tantum
1058 1245 1175 1287 virum,
1203 1255 1278 1289 quo·

159 1303 234 1328 eum
249 1293 327 1328 mihi
344 1297 435 1328 vetus
449 1293 650 1328 necessitudo
664 1293 898 1336 intercedebat,
917 1293 1031 1336 longos
1057 1291 1159 1327 adhuc
1176 1303 1277 1327 annos

159 1341 279 1376 studiis
302 1340 382 1383 suis,
400 1342 433 1375 et
457 1340 627 1375 christiani
655 1340 795 1374 nominis
821 1340 928 1374 decori
947 1340 1107 1375 victui-um
1135 1350 1277 1384 augura-

159 1387 245 1423 bam.
272 1387 458 1433 Quanquam
490 1388 574 1422 enini
602 1388 667 1422 111111
694 1387 819 1432 pridem
852 1386 985 1422 fallente
1010 1386 1162 1430 vestigio,
1188 1386 1276 1422 domi

159 1435 195 1470 in
220 1434 355 1470 humum
373 1434 547 1480 prolapsus
572 1435 626 1469 diu
645 1434 808 1476 decubuit,
834 1435 949 1469 medici
970 1434 1051 1469 nihil
1076 1435 1137 1468 sibi
1163 1434 1277 1468 huma-

158 1482 250 1518 nitus
266 1493 303 1518 ex
319 1482 378 1518 hoc
396 1493 470 1517 casu
488 1485 677 1518 eventurum
698 1483 948 1517 confirmabant.
966 1479 1026 1516 Sed
1040 1481 1165 1516 validus
1182 1492 1277 1517 senex

158 1529 324 1566 interdum
349 1530 411 1565 sibi
429 1530 630 1575 displicuisse
648 1530 774 1570 aiebat;
800 1540 948 1574 quunque
966 1530 1034 1564 Vlll
1062 1528 1134 1563 idus
1151 1528 1276 1564 deceni-

158 1577 234 1614 bres
255 1577 316 1623 ipsi
343 1577 590 1621 nonagesimum
616 1577 701 1612 diem
730 1577 871 1611 natalem
894 1577 1007 1621 agenti
1033 1577 1142 1611 omnia
1167 1576 1277 1611 fausta

158 1623 327 1670 feliciaque
344 1635 445 1660 essem
465 1628 626 1670 precatus,
646 1624 801 1670 postridie
819 1625 887 1659 eius
905 1624 967 1659 diei
986 1625 1109 1658 amicus
1128 1623 1274 1658 omnium

157 1671 348 1714 facillimus,
373 1672 500 1717 gratias
517 1672 596 1707 mihi
622 1673 702 1716 egit,
731 1673 784 1707 sed
811 1671 968 1707 litterulis
992 1671 1223 1706 vacillantibus
1245 1674 1277 1706 et

157 1719 308 1766 impexis,
340 1723 378 1754 ut
402 1720 578 1755 scribentis
595 1721 756 1765 prolixam
773 1730 853 1764 erga
876 1731 926 1755 ine
951 1719 1156 1754 voluntatem
1181 1729 1275 1754 3113111

157 1767 376 1810 ostenderent,
394 1778 549 1802 manuum
575 1767 615 1802 ad
634 1767 778 1802 officinm
804 1766 991 1801 invalidam.
1011 1766 1132 1811 Quippe
1149 1763 1277 1807 ἀτονία,

154 1814 204 1849 uti
223 1815 333 1860 graeci
351 1814 476 1858 dicunt,
492 1815 626 1850 morbus
643 1815 783 1850 latenter
799 1814 982 1849 ventriculo
1001 1814 1157 1849 insiderat
1168 1828 1176 1855 ;
1204 1824 1276 1861 cor-

154 1871 278 1908 pusque
304 1862 457 1907 vegetum
475 1862 694 1906 vividumque,
722 1862 810 1897 brevi
828 1861 994 1907 torpidum
1013 1864 1108 1906 atque
1126 1863 1274 1896 enectum

156 1909 288 1945 3111τεὶ11
298 1906 462 1954 ἀτροφίαν
471 1911 574 1945 visum
587 1912 646 1945 est.
658 1909 983 1955 Adpropinquantein
998 1911 1137 1944 mortem
1152 1908 1276 1953 placido

154 1956 247 1992 vultu
263 1957 426 2003 adspexit;
453 1958 733 2002 sanctissimisque
751 1957 872 1992 ritibus
898 1957 1039 2002 peractis
1052 1960 1153 2000 atque
1168 1955 1275 1990 indul-

58 1985 63 1989 ·
105 2007 108 2009 ’
155 2004 269 2049 gentio
284 2004 400 2041 Leonis
415 2004 488 2040 Xlll
512 2005 548 2040 P.
575 2005 614 2040 Μ.
642 2004 730 2040 omni
750 2004 969 2040 admissorum
996 2015 1098 2049 poena
1116 2003 1276 2043 exolutus,

155 2051 181 2088 V
204 2050 279 2087 idus
303 2054 401 2088 mart.
428 2052 488 2088 sub
512 2052 656 2096 primum
683 2052 768 2088 diem
795 2053 827 2087 in
845 2063 979 2087 suorum
1005 2051 1186 2098 complexu,
1211 2051 1277 2085 iau]

154 2097 417 2136 immortalitatis
441 2101 616 2146 particeps,
646 2099 889 2136 mortalitatem
913 2099 1058 2136 finierat.
