1450 2537
204 102 228 140 4
585 117 737 146 AVRELII
762 119 960 148 PRVDEN'HI

207 175 1331 193 Ἠ

255 227 346 264 Tum
373 227 513 266 lasciva
539 229 773 277 protervitas,
1279 237 1328 278 10

202 280 257 316 Ae
285 280 392 319 luxus
419 281 588 328 petulans
618 282 704 330 (heu
733 283 857 330 pudet,
889 297 931 323 ae
958 286 1103 336 pigotl)

203 333 376 371 Fooduvit
400 334 565 372 iuvenem
594 336 777 383 nequitiae
805 338 971 377 sordibus
1000 352 1042 378 ac
1070 341 1180 380 lutov

253 385 348 423 Exin
376 386 497 435 iurgia
523 388 687 426 turbidos
717 389 774 437 (1)

199 439 404 477 Armarunt
430 440 585 487 animos,
618 442 653 479 et
681 442 774 480 male
801 444 969 490 pertinax

199 492 382 530 Vincendi
407 493 567 531 studium
596 494 777 533 subiacuit
804 497 949 536 casibus
976 500 1128 547 asperis.
1277 503 1325 542 15

251 545 315 582 Bis
341 545 465 593 legum
492 548 735 586 moderamine

198 598 335 635 Fronos
363 599 538 636 nobilium
567 600 724 639 reximus
752 602 896 640 urbium
926 604 1003 652 (2);

196 651 262 689 Ius
289 651 394 689 civile
422 653 526 690 bonis
555 653 791 701 reddidimus,
822 657 1017 696 terruimus
1046 671 1138 698 roos.

249 704 409 741 Tandem
439 705 589 743 militiae
618 708 735 754 gradu

195 756 371 794 Evectum
398 758 515 805 pietas
544 759 726 807 Principis
754 762 884 799 extulit
913 763 986 811 (3),
1271 771 1322 808 20
1376 770 1378 772 ’

194 810 441 857 Adsumptum
469 812 616 858 propius
644 816 740 851 stare
768 814 897 854 iubens
925 818 1049 856 ordino
1090 821 1265 867 proximo.

247 863 350 901 Haec
379 864 464 901 dum
492 864 569 902 vita
597 866 725 904 volans
754 868 855 916 agit,

193 915 357 964 Inrepsit
386 917 442 964 (4)
471 917 592 956 subito
619 919 778 958 canicies
807 921 899 968 seni,

194 968 356 1007 Oblitum
385 971 515 1008 veteris
542 982 599 1009 me
626 973 744 1010 Saliae
773 976 933 1014 consulis
960 988 1119 1026 arguens
1149 981 1231 1029 (5):

245 1022 318 1059 Sub
346 1034 415 1070 quo
440 1023 559 1071 prima
586 1025 663 1063 dies
691 1027 796 1072 mihi,
1268 1036 1317 1073 25

191 1075 308 1119 Quam
336 1076 470 1114 multas
497 1077 633 1116 hiemes
661 1080 827 1127 volverit,
858 1083 894 1119 et
921 1094 1022 1121 rosas

191 1128 313 1166 Pratis
340 1130 424 1176 post
458 1129 614 1177 glaciem
641 1132 852 1181 reddiderit,
882 1135 944 1173 nix
967 1137 1098 1184 eapitis
1117 1140 1259 1186 probat.

242 1181 431 1230 Numquid
458 1183 549 1220 talia
576 1185 775 1231 proderunt

190 1234 319 1272 Carnis
346 1237 429 1282 post
456 1236 593 1274 obitum
621 1238 678 1276 vel
706 1239 815 1287 bona,
846 1241 903 1278 vel
931 1243 1053 1290 mala,

187 1287 305 1333 Quum
332 1288 420 1334 iam,
443 1289 619 1338 quidquid
646 1291 685 1328 id
712 1294 781 1340 est,
803 1295 899 1341 quod
926 1294 1081 1342 fueram,
1104 1309 1200 1337 mors
1229 1301 1312 1338 abo-

240 1340 442 1379 Dioendum
470 1343 575 1390 mihi,
607 1344 773 1392 quisquis
798 1359 851 1393 es,
1074 1351 1244 1398 [leveritP
1264 1355 1314 1391 30

185 1393 364 1431 Mundum
392 1406 498 1443 quem
525 1396 651 1444 coluit,
682 1410 785 1437 mens
810 1401 876 1437 tua
903 1402 1074 1448 perdidit.

184 1446 271 1484 Non
298 1449 385 1485 sunt
411 1448 477 1486 illa
504 1449 586 1496 Dei,
618 1461 709 1498 quae
737 1452 892 1500 studuit,
924 1455 1026 1493 cuius
1051 1456 1256 1497 habeberis.

248 1581 291 1620 (1)
314 1583 439 1620 iurffla,
462 1583 594 1614 forenses
616 1587 837 1617 contentiones.

246 1633 289 1672 (2)
314 1634 428 1672 Quibus
450 1637 574 1666 urbibus
596 1638 764 1675 praefuerit
785 1640 973 1672 Prudentius
996 1651 1103 1680 parum
1125 1644 1236 1682 liquet.

248 1687 291 1723 (3)
315 1689 492 1726 Principis.
528 1690 658 1728 Quinam
690 1691 785 1722 fuerit
814 1693 865 1723 hie
882 1696 1038 1734 princeps
1052 1719 1059 1732 ‚
1085 1698 1137 1734 qui
1159 1707 1196 1728 ex
1217 1699 1310 1729 Theo-

183 1727 258 1756 dosii
277 1729 380 1764 Magni
396 1732 616 1761 suecessoribus
629 1733 831 1764 Prudentium
846 1735 983 1774 ampliss,
1000 1737 1164 1769 honoribus
1179 1740 1211 1770 in
1227 1741 1308 1771 aedi-

182 1769 237 1798 bus
253 1770 404 1800 Palatinis
420 1772 552 1808 auxerit,
570 1773 648 1802 nihil
663 1775 741 1804 certi
758 1776 903 1806 affirmari
919 1779 1031 1815 potest.

247 1821 291 1860 (4)
315 1823 467 1862 Inrepsz‘t.
491 1824 525 1854 In
541 1825 630 1856 duob.
648 1826 768 1857 Vaticc.
783 1828 930 1868 obrepsit.
949 1830 1100 1869 obrepere
1115 1832 1151 1862 de
1165 1833 1204 1863 iis
1219 1843 1308 1872 saepo

181 1862 307 1899 dicitur,
320 1872 397 1900 quae
409 1865 595 1903 accedentes,
609 1876 661 1897 nos
677 1868 755 1898 nihil
769 1871 936 1900 sentientes
948 1871 1071 1909 fallunt,
1085 1874 1131 1903 uti
1143 1874 1180 1904 de
1190 1883 1305 1912 somno,

181 1905 348 1941 senectute,
361 1911 471 1942 morte,
481 1909 540 1937 ete.
555 1908 590 1938 V.
603 1909 751 1939 TVL1,.De
766 1911 886 1941 Senect.
899 1912 940 1942 Π.
952 1929 989 1934 -
1002 1914 1069 1944 1vv-
1083 1914 1149 1945 Sat.
1162 1916 1219 1953 IX,
1234 1918 1303 1948 129.

243 1957 286 1995 (5)
310 1957 455 1995 Quidam:
484 1960 603 1990 Veteris
624 1962 814 1994 Blassaliae.
832 1964 888 1994 Sed
904 1967 1016 1995 veteris
1031 1976 1079 1996 me
1089 1967 1201 1998 Saliae
1214 1969 1306 2000 lectio

179 1997 292 2034 potior.
314 1998 399 2028 Salia
419 1999 586 2038 Hispaniae
607 2003 717 2033 fluvius
738 2006 771 2035 et
786 2006 856 2035 urbs
871 2007 1016 2037 creditur.
1033 2007 1096 2038 Cfr.
1113 2009 1252 2040 Glsmam
1266 2012 1304 2041 ad

180 2038 259 2069 hunc
280 2038 379 2070 locum
402 2041 644 2074 adnotationem.
