1450 2537
201 153 268 180 xxx
441 154 487 180 m:
515 153 718 180 pnvnnmno
746 154 896 187 mvsovn
923 154 1094 182 opssnmvs

197 278 305 319 rinus
351 280 470 332 atque
520 279 750 321 Priscianus=
791 278 1065 322 Caesariensis.
1109 279 1323 333 Ceterum,

196 349 302 390 hisce
353 350 521 400 omissis,
554 350 655 391 illud
688 352 748 392 cst
783 350 1181 393 animadvertendum
1227 353 1323 396 bene

196 419 326 460 inulta
349 420 468 461 fuisse
500 420 692 461 vocabula
714 420 763 460 ab
784 421 1049 463 oscitantibus
1071 424 1325 466 amanuensi—

195 489 267 531 bus
283 490 321 531 in
339 491 598 543 prudentiam]
617 493 730 532 textu
743 491 903 543 inserta,
920 494 1185 544 commutata,
1203 493 1324 536 eloco

193 573 262 601 sno
284 562 430 611 amota,
453 562 525 602 aut
546 562 653 602 foede
675 564 873 615 corrupta,
896 563 1009 604 nulla
1039 563 1160 604 metri
1184 564 1323 606 habita

195 631 355 681 ratione,
388 644 509 685 quani
541 634 683 683 noster,
716 632 748 674 si
781 632 943 686 Superis
975 633 1118 687 placet,
1151 647 1322 689 magnae
1378 634 1385 640 ’

192 715 309 744 curae
340 703 415 744 sibi
456 703 577 745 fuisse
617 704 812 755 ostendit,
847 704 908 746 uti
949 705 1138 747 lectorem
1185 709 1320 760 aperte

154 824 157 827 ι
193 775 326 815 monet
357 774 503 828 hymno
534 775 595 816 IV
633 774 728 828 Περὶ
763 774 974 831 ντερπνῶν
1007 789 1043 818 v.
1081 778 1178 819 162.

243 845 319 887 Sed
335 846 414 886 alia
430 858 549 887 causa
566 846 705 897 inerat,
717 859 840 900 eaque
854 847 1156 900 potissimacur
1164 848 1321 903 hispani

192 917 394 971 scriptoris
415 916 592 957 carmina
614 917 747 959 minus
767 917 808 958 in
829 918 954 960 oculis
975 918 1121 960 ferrent
1141 919 1319 974 plerique

192 988 339 1030 saeculi
371 1000 442 1029 XVI
483 988 791 1041 philologoruin,
823 988 969 1042 quibus
987 988 1036 1030 ab
1066 989 1319 1032 humanitate

191 1072 330 1101 nomen
361 1059 534 1100 obvenit.
568 1059 623 1099 Hi
656 1058 855 1109 videlicet,
878 1061 968 1112 post
988 1059 1157 1115 longam
1174 1059 1319 1102 barba-

191 1131 272 1172 riae
293 1132 449 1171 noctem
469 1130 616 1171 renatis
636 1129 798 1180 litteris,
822 1130 862 1171 in
884 1129 1069 1182 Graecos,
1091 1130 1131 1172 in
1153 1131 1318 1174 Latinos

191 1202 303 1242 unice
321 1200 452 1250 defixi,
471 1200 572 1241 nihil
593 1200 669 1242 nisi
685 1200 789 1254 quod
805 1213 995 1254 graecum
1011 1203 1130 1253 esset,
1147 1203 1219 1244 aut
1235 1202 1317 1244 Ro-

191 1285 355 1314 manum
392 1271 685 1326 quaeritabant,
716 1271 961 1325 cogitabant,
993 1272 1314 1326 comprobabant.

192 1343 271 1385 Ubi
292 1343 381 1396 quis
403 1355 538 1384 eorum
560 1342 600 1383 in
621 1342 801 1396 aliquam
821 1342 1096 1385 litteratorum
1115 1343 1315 1385 familiam

190 1415 453 1467 cooptaretur,
470 1426 705 1467 praenomen
725 1413 764 1454 in
786 1413 941 1467 primis,
965 1414 1069 1467 quod
1088 1414 1220 1456 fuerat
1240 1414 1316 1456 sibi

190 1485 238 1526 ad
258 1485 425 1526 Fontem
443 1485 632 1526 salutaris
647 1485 798 1526 lavacri
814 1484 1066 1538 impositum,
1077 1498 1122 1527 ex
1133 1487 1316 1528 veterum

190 1556 381 1609 positione
398 1555 616 1598 inflectere:
630 1556 763 1597 Deum
780 1556 928 1609 ipsum,
941 1555 1066 1597 latine
1084 1556 1314 1608 scribentes,

190 1628 228 1668 in
260 1628 415 1676 Iove1n3
448 1628 525 1669 Dei
556 1627 733 1669 Matrem
764 1627 1073 1668 immaculatam
1105 1627 1313 1681 Virginem

190 1697 364 1739 Mariam
395 1698 435 1739 in
465 1698 711 1748 Minervam3
744 1698 918 1752 virgines
959 1699 1043 1739 Deo
1084 1698 1245 1740 devotas
1277 1698 1317 1740 in

191 1765 375 1807 Vestales
396 1768 643 1816 convertere3
676 1779 810 1808 omnes
830 1766 935 1808 ritus
966 1765 1171 1820 religiosos
1202 1764 1316 1807 Chri-

189 1837 423 1888 stianorum,
446 1838 674 1888 sacerdotia,
696 1837 963 1879 caeremonias
983 1849 1115 1879 sacras
1135 1849 1228 1878 cum
1249 1849 1317 1878 su-

189 1907 427 1960 perstitiosis
457 1920 712 1949 romanorum
743 1907 1023 1961 religionibus,
1047 1907 1218 1949 mutatis
1249 1919 1315 1948 no-

189 1978 377 2030 minibus,
399 1979 634 2032 permiscere
666 1978 892 2021 studebant.
918 1977 1168 2029 Istiusmodi,
1188 1990 1316 2032 neque

189 2051 324 2090 tamen
365 2049 563 2092 hordearii
611 2050 816 2102 doctores,
849 2049 888 2091 iii
924 2048 1069 2105 quibus
1112 2048 1315 2103 praeclare
