<?xml version="1.0" encoding="UTF-8"?>
<!DOCTYPE html PUBLIC "-//W3C//DTD XHTML 1.0 Transitional//EN"
    "http://www.w3.org/TR/xhtml1/DTD/xhtml1-transitional.dtd">
<html xmlns="http://www.w3.org/1999/xhtml" xml:lang="en" lang="en">
 <head>
  <title>
</title>
<meta http-equiv="Content-Type" content="text/html;charset=utf-8" />
  <meta name='ocr-system' content='tesseract 3.04.00' />
  <meta name='ocr-capabilities' content='ocr_page ocr_carea ocr_par ocr_line ocrx_word'/>
</head>
<body>
  <div class='ocr_page' id='page_1' title='image "./operapru01pruduoft_0272.png"; bbox 0 0 1450 2537; ppageno 0'>
   <div class='ocr_carea' id='block_1_1' title="bbox 150 121 907 159">
    <p class='ocr_par' dir='ltr' id='par_1_1' title="bbox 150 121 907 159">
     <span class='ocr_line' id='line_1_1' title="bbox 150 121 907 159; baseline -0.003 -1"><span class='ocrx_word' id='word_1_1' title='bbox 150 121 226 158; x_wconf 87' lang='lat'>230</span> <span class='ocrx_word' id='word_1_2' title='bbox 531 131 683 159; x_wconf 75' lang='lat' dir='ltr'>Avnnnn</span> <span class='ocrx_word' id='word_1_3' title='bbox 708 129 907 157; x_wconf 77' lang='lat' dir='ltr'>PRVDENTn</span> 
     </span>
    </p>
   </div>
   <div class='ocr_carea' id='block_1_2' title="bbox 151 241 1284 1401">
    <p class='ocr_par' dir='ltr' id='par_1_2' title="bbox 151 241 1284 1401">
     <span class='ocr_line' id='line_1_2' title="bbox 151 241 1278 291; baseline -0.002 -10"><span class='ocrx_word' id='word_1_4' title='bbox 151 245 229 281; x_wconf 74' lang='lat' dir='ltr'>Nec</span> <span class='ocrx_word' id='word_1_5' title='bbox 256 244 327 280; x_wconf 79' lang='lat' dir='ltr'>iam</span> <span class='ocrx_word' id='word_1_6' title='bbox 357 244 467 280; x_wconf 78' lang='lat' dir='ltr'>densa</span> <span class='ocrx_word' id='word_1_7' title='bbox 496 254 599 281; x_wconf 82' lang='lat' dir='ltr'>sacro</span> <span class='ocrx_word' id='word_1_8' title='bbox 627 242 824 291; x_wconf 84' lang='lat' dir='ltr'>quidquam</span> <span class='ocrx_word' id='word_1_9' title='bbox 854 242 896 279; x_wconf 90' lang='lat' dir='ltr'>de</span> <span class='ocrx_word' id='word_1_10' title='bbox 915 252 1061 289; x_wconf 87' lang='lat' dir='ltr'>corpore</span> <span class='ocrx_word' id='word_1_11' title='bbox 1080 241 1174 279; x_wconf 84' lang='lat' dir='ltr'>silva</span> <span class='ocrx_word' id='word_1_12' title='bbox 1205 242 1278 279; x_wconf 90' lang='lat'>145</span> 
     </span>
     <span class='ocr_line' id='line_1_3' title="bbox 205 295 1064 342; baseline -0.002 -8"><span class='ocrx_word' id='word_1_13' title='bbox 205 297 369 342; x_wconf 76' lang='lat' dir='ltr'>Obtinet,</span> <span class='ocrx_word' id='word_1_14' title='bbox 400 299 462 333; x_wconf 82' lang='lat' dir='ltr'>aut</span> <span class='ocrx_word' id='word_1_15' title='bbox 492 296 610 342; x_wconf 88' lang='lat' dir='ltr'>plenis</span> <span class='ocrx_word' id='word_1_16' title='bbox 639 295 787 332; x_wconf 86' lang='lat' dir='ltr'>fraudat</span> <span class='ocrx_word' id='word_1_17' title='bbox 815 295 861 331; x_wconf 86' lang='lat' dir='ltr'>ab</span> <span class='ocrx_word' id='word_1_18' title='bbox 889 295 1064 342; x_wconf 84' lang='lat' dir='ltr'>exequiis.</span> 
     </span>
     <span class='ocr_line' id='line_1_4' title="bbox 151 347 1065 396; baseline -0.002 -10"><span class='ocrx_word' id='word_1_19' title='bbox 151 351 338 396; x_wconf 86' lang='lat' dir='ltr'>Quumque</span> <span class='ocrx_word' id='word_1_20' title='bbox 366 349 556 386; x_wconf 69' lang='lat' dir='ltr'>recensitis</span> <span class='ocrx_word' id='word_1_21' title='bbox 583 349 768 385; x_wconf 85' lang='lat' dir='ltr'>constaret</span> <span class='ocrx_word' id='word_1_22' title='bbox 794 347 961 394; x_wconf 86' lang='lat' dir='ltr'>partibus</span> <span class='ocrx_word' id='word_1_23' title='bbox 990 347 1065 394; x_wconf 89' lang='lat' dir='ltr'>ille,</span> 
     </span>
     <span class='ocr_line' id='line_1_5' title="bbox 205 401 994 448; baseline -0.003 -9"><span class='ocrx_word' id='word_1_24' title='bbox 205 402 371 448; x_wconf 76' lang='lat' dir='ltr'>Corporis</span> <span class='ocrx_word' id='word_1_25' title='bbox 399 402 534 448; x_wconf 75' lang='lat' dir='ltr'>integri</span> <span class='ocrx_word' id='word_1_26' title='bbox 563 401 625 448; x_wconf 87' lang='lat' dir='ltr'>qui</span> <span class='ocrx_word' id='word_1_27' title='bbox 653 401 772 438; x_wconf 84' lang='lat' dir='ltr'>fuerat</span> <span class='ocrx_word' id='word_1_28' title='bbox 800 412 994 437; x_wconf 88' lang='lat' dir='ltr'>numerus:</span> 
     </span>
     <span class='ocr_line' id='line_1_6' title="bbox 151 453 1086 503; baseline -0.004 -10"><span class='ocrx_word' id='word_1_29' title='bbox 151 455 229 494; x_wconf 86' lang='lat' dir='ltr'>Nec</span> <span class='ocrx_word' id='word_1_30' title='bbox 258 457 415 502; x_wconf 77' lang='lat' dir='ltr'>purgata</span> <span class='ocrx_word' id='word_1_31' title='bbox 445 454 504 503; x_wconf 89' lang='lat'>(1)</span> <span class='ocrx_word' id='word_1_32' title='bbox 535 453 674 501; x_wconf 86' lang='lat' dir='ltr'>aliquid</span> <span class='ocrx_word' id='word_1_33' title='bbox 702 454 872 490; x_wconf 87' lang='lat' dir='ltr'>deberent</span> <span class='ocrx_word' id='word_1_34' title='bbox 899 453 983 490; x_wconf 83' lang='lat' dir='ltr'>avia</span> <span class='ocrx_word' id='word_1_35' title='bbox 1011 454 1086 490; x_wconf 89' lang='lat' dir='ltr'>toto</span> 
     </span>
     <span class='ocr_line' id='line_1_7' title="bbox 205 506 1284 553; baseline 0 -9"><span class='ocrx_word' id='word_1_36' title='bbox 205 509 259 545; x_wconf 80' lang='lat' dir='ltr'>Ex</span> <span class='ocrx_word' id='word_1_37' title='bbox 288 507 446 553; x_wconf 79' lang='lat' dir='ltr'>homine,</span> <span class='ocrx_word' id='word_1_38' title='bbox 477 507 627 544; x_wconf 81' lang='lat' dir='ltr'>extersis</span> <span class='ocrx_word' id='word_1_39' title='bbox 655 506 845 544; x_wconf 86' lang='lat' dir='ltr'>frondibus</span> <span class='ocrx_word' id='word_1_40' title='bbox 873 508 909 543; x_wconf 87' lang='lat' dir='ltr'>et</span> <span class='ocrx_word' id='word_1_41' title='bbox 937 506 1110 553; x_wconf 78' lang='lat' dir='ltr'>scopulis.</span> <span class='ocrx_word' id='word_1_42' title='bbox 1207 507 1284 544; x_wconf 82' lang='lat'>150</span> 
     </span>
     <span class='ocr_line' id='line_1_8' title="bbox 151 559 1277 608; baseline -0.003 -9"><span class='ocrx_word' id='word_1_43' title='bbox 151 561 325 599; x_wconf 86' lang='lat' dir='ltr'>Metando</span> <span class='ocrx_word' id='word_1_44' title='bbox 355 560 414 608; x_wconf 76' lang='lat'>(2)</span> <span class='ocrx_word' id='word_1_45' title='bbox 445 560 592 607; x_wconf 83' lang='lat' dir='ltr'>eligitur</span> <span class='ocrx_word' id='word_1_46' title='bbox 620 559 760 596; x_wconf 86' lang='lat' dir='ltr'>tumulo</span> <span class='ocrx_word' id='word_1_47' title='bbox 787 559 912 596; x_wconf 89' lang='lat' dir='ltr'>locus:</span> <span class='ocrx_word' id='word_1_48' title='bbox 945 559 1051 597; x_wconf 82' lang='lat' dir='ltr'>Ostia</span> <span class='ocrx_word' id='word_1_49' title='bbox 1078 559 1277 606; x_wconf 87' lang='lat' dir='ltr'>linquunt:</span> 
     </span>
     <span class='ocr_line' id='line_1_9' title="bbox 206 611 1110 660; baseline -0.002 -10"><span class='ocrx_word' id='word_1_50' title='bbox 206 615 321 651; x_wconf 85' lang='lat' dir='ltr'>Roma</span> <span class='ocrx_word' id='word_1_51' title='bbox 348 613 482 660; x_wconf 81' lang='lat' dir='ltr'>placet,</span> <span class='ocrx_word' id='word_1_52' title='bbox 514 614 660 649; x_wconf 86' lang='lat' dir='ltr'>sanctos</span> <span class='ocrx_word' id='word_1_53' title='bbox 688 624 779 659; x_wconf 86' lang='lat' dir='ltr'>quae</span> <span class='ocrx_word' id='word_1_54' title='bbox 807 613 931 649; x_wconf 82' lang='lat' dir='ltr'>teneat</span> <span class='ocrx_word' id='word_1_55' title='bbox 958 611 1110 649; x_wconf 80' lang='lat' dir='ltr'>cineres.</span> 
     </span>
     <span class='ocr_line' id='line_1_10' title="bbox 153 664 1117 713; baseline -0.002 -9"><span class='ocrx_word' id='word_1_56' title='bbox 153 667 265 705; x_wconf 85' lang='lat' dir='ltr'>Haud</span> <span class='ocrx_word' id='word_1_57' title='bbox 292 666 416 713; x_wconf 87' lang='lat' dir='ltr'>procul</span> <span class='ocrx_word' id='word_1_58' title='bbox 445 667 602 702; x_wconf 79' lang='lat' dir='ltr'>extremo</span> <span class='ocrx_word' id='word_1_59' title='bbox 631 665 730 702; x_wconf 86' lang='lat' dir='ltr'>culta</span> <span class='ocrx_word' id='word_1_60' title='bbox 758 665 804 701; x_wconf 74' lang='lat' dir='ltr'>acl</span> <span class='ocrx_word' id='word_1_61' title='bbox 833 665 992 711; x_wconf 85' lang='lat' dir='ltr'>pomeria</span> <span class='ocrx_word' id='word_1_62' title='bbox 1019 664 1117 702; x_wconf 78' lang='lat' dir='ltr'>vallo</span> 
     </span>
     <span class='ocr_line' id='line_1_11' title="bbox 207 717 1089 767; baseline -0.002 -11"><span class='ocrx_word' id='word_1_63' title='bbox 207 720 327 756; x_wconf 80' lang='lat' dir='ltr'>Mersa</span> <span class='ocrx_word' id='word_1_64' title='bbox 353 718 546 756; x_wconf 73' lang='lat' dir='ltr'>latebrosis</span> <span class='ocrx_word' id='word_1_65' title='bbox 574 719 701 766; x_wconf 72' lang='lat' dir='ltr'>crypta</span> <span class='ocrx_word' id='word_1_66' title='bbox 731 717 789 767; x_wconf 86' lang='lat'>(3)</span> <span class='ocrx_word' id='word_1_67' title='bbox 820 719 919 764; x_wconf 80' lang='lat' dir='ltr'>patet</span> <span class='ocrx_word' id='word_1_68' title='bbox 948 717 1089 755; x_wconf 76' lang='lat' dir='ltr'>foveis:</span> 
     </span>
     <span class='ocr_line' id='line_1_12' title="bbox 155 770 1280 819; baseline -0.003 -9"><span class='ocrx_word' id='word_1_69' title='bbox 155 773 277 810; x_wconf 88' lang='lat' dir='ltr'>Huius</span> <span class='ocrx_word' id='word_1_70' title='bbox 305 772 343 809; x_wconf 89' lang='lat' dir='ltr'>in</span> <span class='ocrx_word' id='word_1_71' title='bbox 371 771 552 809; x_wconf 87' lang='lat' dir='ltr'>occultum</span> <span class='ocrx_word' id='word_1_72' title='bbox 580 771 755 819; x_wconf 78' lang='lat' dir='ltr'>gradibus</span> <span class='ocrx_word' id='word_1_73' title='bbox 782 770 843 807; x_wconf 75' lang='lat' dir='ltr'>via</span> <span class='ocrx_word' id='word_1_74' title='bbox 867 781 982 817; x_wconf 81' lang='lat' dir='ltr'>prona</span> <span class='ocrx_word' id='word_1_75' title='bbox 1009 770 1151 808; x_wconf 80' lang='lat' dir='ltr'>reflexis</span> <span class='ocrx_word' id='word_1_76' title='bbox 1208 770 1280 808; x_wconf 76' lang='lat'>155</span> 
     </span>
     <span class='ocr_line' id='line_1_13' title="bbox 208 824 987 872; baseline -0.003 -10"><span class='ocrx_word' id='word_1_77' title='bbox 208 826 267 862; x_wconf 81' lang='lat' dir='ltr'>Ire</span> <span class='ocrx_word' id='word_1_78' title='bbox 294 837 357 872; x_wconf 82' lang='lat' dir='ltr'>per</span> <span class='ocrx_word' id='word_1_79' title='bbox 384 824 573 862; x_wconf 86' lang='lat' dir='ltr'>anfractus</span> <span class='ocrx_word' id='word_1_80' title='bbox 600 824 678 861; x_wconf 86' lang='lat' dir='ltr'>luce</span> <span class='ocrx_word' id='word_1_81' title='bbox 706 824 843 861; x_wconf 84' lang='lat' dir='ltr'>latente</span> <span class='ocrx_word' id='word_1_82' title='bbox 873 824 987 861; x_wconf 73' lang='lat' dir='ltr'>docet.</span> 
     </span>
     <span class='ocr_line' id='line_1_14' title="bbox 155 876 1185 925; baseline -0.002 -9"><span class='ocrx_word' id='word_1_83' title='bbox 155 879 299 917; x_wconf 86' lang='lat' dir='ltr'>Primas</span> <span class='ocrx_word' id='word_1_84' title='bbox 328 889 483 925; x_wconf 81' lang='lat' dir='ltr'>namque</span> <span class='ocrx_word' id='word_1_85' title='bbox 512 877 607 914; x_wconf 85' lang='lat' dir='ltr'>fores</span> <span class='ocrx_word' id='word_1_86' title='bbox 635 888 775 914; x_wconf 88' lang='lat' dir='ltr'>summo</span> <span class='ocrx_word' id='word_1_87' title='bbox 803 878 911 914; x_wconf 85' lang='lat' dir='ltr'>tenus</span> <span class='ocrx_word' id='word_1_88' title='bbox 938 876 1054 913; x_wconf 86' lang='lat' dir='ltr'>intrat</span> <span class='ocrx_word' id='word_1_89' title='bbox 1081 876 1185 914; x_wconf 84' lang='lat' dir='ltr'>biatu</span> 
     </span>
     <span class='ocr_line' id='line_1_15' title="bbox 203 929 919 978; baseline -0.003 -10"><span class='ocrx_word' id='word_1_90' title='bbox 203 931 444 978; x_wconf 87' lang='lat' dir='ltr'>Illustratque</span> <span class='ocrx_word' id='word_1_91' title='bbox 473 930 550 968; x_wconf 82' lang='lat' dir='ltr'>dies</span> <span class='ocrx_word' id='word_1_92' title='bbox 577 930 707 967; x_wconf 82' lang='lat' dir='ltr'>limina</span> <span class='ocrx_word' id='word_1_93' title='bbox 734 929 919 967; x_wconf 84' lang='lat' dir='ltr'>vestibuli.</span> 
     </span>
     <span class='ocr_line' id='line_1_16' title="bbox 154 981 1126 1030; baseline -0.001 -10"><span class='ocrx_word' id='word_1_94' title='bbox 154 981 263 1029; x_wconf 87' lang='lat' dir='ltr'>Inde,</span> <span class='ocrx_word' id='word_1_95' title='bbox 292 984 355 1021; x_wconf 88' lang='lat' dir='ltr'>ubi</span> <span class='ocrx_word' id='word_1_96' title='bbox 382 994 577 1030; x_wconf 81' lang='lat' dir='ltr'>progressu</span> <span class='ocrx_word' id='word_1_97' title='bbox 604 983 705 1020; x_wconf 85' lang='lat' dir='ltr'>facili</span> <span class='ocrx_word' id='word_1_98' title='bbox 732 983 934 1030; x_wconf 81' lang='lat' dir='ltr'>nigrescere</span> <span class='ocrx_word' id='word_1_99' title='bbox 962 982 1042 1020; x_wconf 78' lang='lat' dir='ltr'>visa</span> <span class='ocrx_word' id='word_1_100' title='bbox 1069 983 1126 1020; x_wconf 86' lang='lat' dir='ltr'>est</span> 
     </span>
     <span class='ocr_line' id='line_1_17' title="bbox 208 1034 1282 1083; baseline -0.002 -9"><span class='ocrx_word' id='word_1_101' title='bbox 208 1038 292 1074; x_wconf 80' lang='lat' dir='ltr'>Nox</span> <span class='ocrx_word' id='word_1_102' title='bbox 320 1037 487 1082; x_wconf 86' lang='lat' dir='ltr'>obscura,</span> <span class='ocrx_word' id='word_1_103' title='bbox 518 1035 588 1073; x_wconf 87' lang='lat' dir='ltr'>loci</span> <span class='ocrx_word' id='word_1_104' title='bbox 616 1047 679 1083; x_wconf 87' lang='lat' dir='ltr'>per</span> <span class='ocrx_word' id='word_1_105' title='bbox 706 1047 834 1083; x_wconf 88' lang='lat' dir='ltr'>specus</span> <span class='ocrx_word' id='word_1_106' title='bbox 862 1035 1088 1082; x_wconf 85' lang='lat' dir='ltr'>ambiguum,</span> <span class='ocrx_word' id='word_1_107' title='bbox 1207 1034 1282 1072; x_wconf 87' lang='grc'>160</span> 
     </span>
     <span class='ocr_line' id='line_1_18' title="bbox 158 1088 1051 1133; baseline -0.003 -5"><span class='ocrx_word' id='word_1_108' title='bbox 158 1091 362 1128; x_wconf 82' lang='lat' dir='ltr'>Occurrunt</span> <span class='ocrx_word' id='word_1_109' title='bbox 388 1089 504 1127; x_wconf 85' lang='lat' dir='ltr'>caesis</span> <span class='ocrx_word' id='word_1_110' title='bbox 531 1089 698 1126; x_wconf 82' lang='lat' dir='ltr'>immissa</span> <span class='ocrx_word' id='word_1_111' title='bbox 725 1088 905 1126; x_wconf 84' lang='lat' dir='ltr'>foramina</span> <span class='ocrx_word' id='word_1_112' title='bbox 930 1088 1051 1133; x_wconf 87' lang='lat' dir='ltr'>tectis,</span> 
     </span>
     <span class='ocr_line' id='line_1_19' title="bbox 210 1141 1054 1189; baseline -0.001 -10"><span class='ocrx_word' id='word_1_113' title='bbox 210 1144 308 1188; x_wconf 82' lang='lat' dir='ltr'>Quae</span> <span class='ocrx_word' id='word_1_114' title='bbox 336 1142 476 1180; x_wconf 82' lang='lat' dir='ltr'>iaciant</span> <span class='ocrx_word' id='word_1_115' title='bbox 502 1142 620 1180; x_wconf 89' lang='lat' dir='ltr'>claros</span> <span class='ocrx_word' id='word_1_116' title='bbox 648 1143 756 1179; x_wconf 86' lang='lat' dir='ltr'>antra</span> <span class='ocrx_word' id='word_1_117' title='bbox 784 1153 891 1189; x_wconf 88' lang='lat' dir='ltr'>super</span> <span class='ocrx_word' id='word_1_118' title='bbox 918 1141 1054 1178; x_wconf 85' lang='lat' dir='ltr'>radios.</span> 
     </span>
     <span class='ocr_line' id='line_1_20' title="bbox 156 1194 1149 1242; baseline 0 -10"><span class='ocrx_word' id='word_1_119' title='bbox 156 1196 363 1241; x_wconf 76' lang='lat' dir='ltr'>Quamlibet</span> <span class='ocrx_word' id='word_1_120' title='bbox 388 1195 566 1242; x_wconf 86' lang='lat' dir='ltr'>ancipites</span> <span class='ocrx_word' id='word_1_121' title='bbox 593 1197 720 1232; x_wconf 82' lang='lat' dir='ltr'>texant</span> <span class='ocrx_word' id='word_1_122' title='bbox 745 1195 832 1232; x_wconf 91' lang='lat' dir='ltr'>hinc</span> <span class='ocrx_word' id='word_1_123' title='bbox 859 1194 944 1231; x_wconf 88' lang='lat' dir='ltr'>inde</span> <span class='ocrx_word' id='word_1_124' title='bbox 971 1205 1149 1242; x_wconf 85' lang='lat' dir='ltr'>recessus,</span> 
     </span>
     <span class='ocr_line' id='line_1_21' title="bbox 209 1247 1070 1297; baseline -0.002 -11"><span class='ocrx_word' id='word_1_125' title='bbox 209 1250 302 1286; x_wconf 86' lang='lat' dir='ltr'>Arta</span> <span class='ocrx_word' id='word_1_126' title='bbox 332 1249 390 1297; x_wconf 81' lang='lat'>(4)</span> <span class='ocrx_word' id='word_1_127' title='bbox 421 1249 488 1286; x_wconf 90' lang='lat' dir='ltr'>sub</span> <span class='ocrx_word' id='word_1_128' title='bbox 515 1248 695 1286; x_wconf 85' lang='lat' dir='ltr'>umbrosis</span> <span class='ocrx_word' id='word_1_129' title='bbox 723 1248 818 1285; x_wconf 85' lang='lat' dir='ltr'>atria</span> <span class='ocrx_word' id='word_1_130' title='bbox 845 1247 1070 1294; x_wconf 82' lang='lat' dir='ltr'>porticibus3</span> 
     </span>
     <span class='ocr_line' id='line_1_22' title="bbox 156 1299 1283 1340; baseline -0.002 -1"><span class='ocrx_word' id='word_1_131' title='bbox 156 1303 331 1340; x_wconf 88' lang='lat' dir='ltr'>Attamen</span> <span class='ocrx_word' id='word_1_132' title='bbox 359 1301 470 1339; x_wconf 77' lang='lat' dir='ltr'>excisi</span> <span class='ocrx_word' id='word_1_133' title='bbox 497 1302 621 1339; x_wconf 85' lang='lat' dir='ltr'>subter</span> <span class='ocrx_word' id='word_1_134' title='bbox 647 1313 738 1339; x_wconf 88' lang='lat' dir='ltr'>cava</span> <span class='ocrx_word' id='word_1_135' title='bbox 765 1300 905 1338; x_wconf 77' lang='lat' dir='ltr'>viscera</span> <span class='ocrx_word' id='word_1_136' title='bbox 931 1300 1068 1338; x_wconf 88' lang='lat' dir='ltr'>montis</span> <span class='ocrx_word' id='word_1_137' title='bbox 1209 1299 1283 1337; x_wconf 84' lang='lat'>165</span> 
     </span>
     <span class='ocr_line' id='line_1_23' title="bbox 210 1353 1011 1401; baseline -0.002 -9"><span class='ocrx_word' id='word_1_138' title='bbox 210 1356 342 1392; x_wconf 87' lang='lat' dir='ltr'>Crebra</span> <span class='ocrx_word' id='word_1_139' title='bbox 369 1355 549 1392; x_wconf 85' lang='lat' dir='ltr'>terebrato</span> <span class='ocrx_word' id='word_1_140' title='bbox 577 1354 712 1392; x_wconf 83' lang='lat' dir='ltr'>fornice</span> <span class='ocrx_word' id='word_1_141' title='bbox 739 1353 803 1391; x_wconf 79' lang='lat' dir='ltr'>lux</span> <span class='ocrx_word' id='word_1_142' title='bbox 830 1355 1011 1401; x_wconf 87' lang='lat' dir='ltr'>penetrat.</span> 
     </span>
    </p>
   </div>
   <div class='ocr_carea' id='block_1_3' title="bbox 156 1434 1286 2090">
    <p class='ocr_par' dir='ltr' id='par_1_3' title="bbox 156 1434 1286 1718">
     <span class='ocr_line' id='line_1_24' title="bbox 220 1434 1285 1473; baseline 0 -9"><span class='ocrx_word' id='word_1_143' title='bbox 220 1436 263 1472; x_wconf 86' lang='lat'>(1)</span> <span class='ocrx_word' id='word_1_144' title='bbox 286 1445 341 1464; x_wconf 77' lang='lat' dir='ltr'>nec</span> <span class='ocrx_word' id='word_1_145' title='bbox 357 1438 517 1473; x_wconf 66' lang='lat' dir='ltr'>purgata.</span> <span class='ocrx_word' id='word_1_146' title='bbox 543 1435 664 1473; x_wconf 81' lang='lat' dir='ltr'>Quanta</span> <span class='ocrx_word' id='word_1_147' title='bbox 690 1434 894 1464; x_wconf 83' lang='lat' dir='ltr'>sollicitudine</span> <span class='ocrx_word' id='word_1_148' title='bbox 927 1435 959 1463; x_wconf 74' lang='lat' dir='ltr'>et</span> <span class='ocrx_word' id='word_1_149' title='bbox 990 1434 1147 1470; x_wconf 84' lang='lat' dir='ltr'>relligione</span> <span class='ocrx_word' id='word_1_150' title='bbox 1168 1437 1285 1471; x_wconf 75' lang='lat' dir='ltr'>marty-</span> 
     </span>
     <span class='ocr_line' id='line_1_25' title="bbox 156 1475 1283 1513; baseline -0.002 -7"><span class='ocrx_word' id='word_1_151' title='bbox 156 1486 224 1506; x_wconf 89' lang='lat' dir='ltr'>rum</span> <span class='ocrx_word' id='word_1_152' title='bbox 246 1477 402 1512; x_wconf 80' lang='lat' dir='ltr'>relliquias</span> <span class='ocrx_word' id='word_1_153' title='bbox 423 1479 456 1506; x_wconf 84' lang='lat' dir='ltr'>et</span> <span class='ocrx_word' id='word_1_154' title='bbox 476 1477 656 1512; x_wconf 88' lang='lat' dir='ltr'>sanguinem</span> <span class='ocrx_word' id='word_1_155' title='bbox 677 1477 775 1513; x_wconf 83' lang='lat' dir='ltr'>ipsum</span> <span class='ocrx_word' id='word_1_156' title='bbox 790 1476 886 1512; x_wconf 86' lang='lat' dir='ltr'>prisci</span> <span class='ocrx_word' id='word_1_157' title='bbox 901 1475 1070 1505; x_wconf 83' lang='lat' dir='ltr'>Christiani</span> <span class='ocrx_word' id='word_1_158' title='bbox 1085 1476 1283 1511; x_wconf 78' lang='lat' dir='ltr'>rimarentur,</span> 
     </span>
     <span class='ocr_line' id='line_1_26' title="bbox 157 1517 1284 1555; baseline -0.002 -8"><span class='ocrx_word' id='word_1_159' title='bbox 157 1520 189 1547; x_wconf 79' lang='lat' dir='ltr'>et</span> <span class='ocrx_word' id='word_1_160' title='bbox 209 1518 283 1547; x_wconf 87' lang='lat' dir='ltr'>Iocis</span> <span class='ocrx_word' id='word_1_161' title='bbox 305 1519 387 1555; x_wconf 85' lang='lat' dir='ltr'>aptis</span> <span class='ocrx_word' id='word_1_162' title='bbox 409 1517 590 1552; x_wconf 79' lang='lat' dir='ltr'>occulerent,</span> <span class='ocrx_word' id='word_1_163' title='bbox 616 1517 696 1553; x_wconf 69' lang='lat' dir='ltr'>vide,</span> <span class='ocrx_word' id='word_1_164' title='bbox 713 1517 842 1552; x_wconf 74' lang='lat' dir='ltr'>benigne</span> <span class='ocrx_word' id='word_1_165' title='bbox 857 1517 964 1552; x_wconf 84' lang='lat' dir='ltr'>lector,</span> <span class='ocrx_word' id='word_1_166' title='bbox 981 1517 1060 1554; x_wconf 88' lang='lat' dir='ltr'>apud</span> <span class='ocrx_word' id='word_1_167' title='bbox 1082 1517 1284 1552; x_wconf 59' lang='lat' dir='ltr'>Romarm,</span> 
     </span>
     <span class='ocr_line' id='line_1_27' title="bbox 157 1558 1283 1596; baseline -0.001 -8"><span class='ocrx_word' id='word_1_168' title='bbox 157 1568 246 1595; x_wconf 88' lang='lat' dir='ltr'>quem</span> <span class='ocrx_word' id='word_1_169' title='bbox 266 1568 359 1596; x_wconf 86' lang='lat' dir='ltr'>supra</span> <span class='ocrx_word' id='word_1_170' title='bbox 380 1559 459 1594; x_wconf 82' lang='lat' dir='ltr'>dixi,</span> <span class='ocrx_word' id='word_1_171' title='bbox 483 1559 680 1594; x_wconf 74' lang='lat' dir='ltr'>Amnemvm,</span> <span class='ocrx_word' id='word_1_172' title='bbox 704 1559 842 1592; x_wconf 69' lang='lat' dir='ltr'>LVP1vn1;</span> <span class='ocrx_word' id='word_1_173' title='bbox 865 1561 1024 1594; x_wconf 84' lang='lat' dir='ltr'>praeterea</span> <span class='ocrx_word' id='word_1_174' title='bbox 1056 1558 1283 1592; x_wconf 69' lang='lat' dir='ltr'>Munuomvm,</span> 
     </span>
     <span class='ocr_line' id='line_1_28' title="bbox 156 1599 1286 1636; baseline -0.002 -6"><span class='ocrx_word' id='word_1_175' title='bbox 156 1601 361 1635; x_wconf 74' lang='lat' dir='ltr'>FABRETTVM,</span> <span class='ocrx_word' id='word_1_176' title='bbox 378 1601 617 1635; x_wconf 69' lang='lat' dir='ltr'>MARANGONVM,</span> <span class='ocrx_word' id='word_1_177' title='bbox 633 1602 665 1629; x_wconf 82' lang='lat' dir='ltr'>et</span> <span class='ocrx_word' id='word_1_178' title='bbox 676 1600 839 1629; x_wconf 66' lang='lat' dir='ltr'>Nnmnn</span> <span class='ocrx_word' id='word_1_179' title='bbox 852 1599 1062 1634; x_wconf 70' lang='lat' dir='ltr'>Wmnmnvm,</span> <span class='ocrx_word' id='word_1_180' title='bbox 1077 1600 1195 1636; x_wconf 80' lang='lat' dir='ltr'>patrem</span> <span class='ocrx_word' id='word_1_181' title='bbox 1210 1599 1286 1628; x_wconf 89' lang='lat' dir='ltr'>Pur-</span> 
     </span>
     <span class='ocr_line' id='line_1_29' title="bbox 157 1640 1286 1679; baseline 0 -9"><span class='ocrx_word' id='word_1_182' title='bbox 157 1647 315 1679; x_wconf 84' lang='lat' dir='ltr'>puratum,</span> <span class='ocrx_word' id='word_1_183' title='bbox 345 1642 397 1677; x_wconf 92' lang='lat' dir='ltr'>qui</span> <span class='ocrx_word' id='word_1_184' title='bbox 419 1642 451 1671; x_wconf 92' lang='lat' dir='ltr'>in</span> <span class='ocrx_word' id='word_1_185' title='bbox 474 1642 629 1670; x_wconf 76' lang='lat' dir='ltr'>veteribus</span> <span class='ocrx_word' id='word_1_186' title='bbox 650 1641 853 1672; x_wconf 86' lang='lat' dir='ltr'>Christianor.</span> <span class='ocrx_word' id='word_1_187' title='bbox 877 1641 1082 1669; x_wconf 84' lang='lat' dir='ltr'>monumentis</span> <span class='ocrx_word' id='word_1_188' title='bbox 1109 1640 1286 1676; x_wconf 80' lang='lat' dir='ltr'>colligendis</span> 
     </span>
     <span class='ocr_line' id='line_1_30' title="bbox 158 1681 1201 1718; baseline -0.001 -5"><span class='ocrx_word' id='word_1_189' title='bbox 158 1683 408 1718; x_wconf 83' lang='lat' dir='ltr'>illustrandisque</span> <span class='ocrx_word' id='word_1_190' title='bbox 430 1691 535 1712; x_wconf 87' lang='lat' dir='ltr'>curam</span> <span class='ocrx_word' id='word_1_191' title='bbox 558 1682 814 1718; x_wconf 84' lang='lat' dir='ltr'>diligentiamque</span> <span class='ocrx_word' id='word_1_192' title='bbox 835 1690 955 1711; x_wconf 88' lang='lat' dir='ltr'>omnem</span> <span class='ocrx_word' id='word_1_193' title='bbox 977 1681 1201 1718; x_wconf 79' lang='lat' dir='ltr'>impenderunt.</span> 
     </span>
    </p>

    <p class='ocr_par' dir='ltr' id='par_1_4' title="bbox 158 1722 1286 1884">
     <span class='ocr_line' id='line_1_31' title="bbox 222 1722 1286 1761; baseline 0 -9"><span class='ocrx_word' id='word_1_194' title='bbox 222 1725 266 1761; x_wconf 78' lang='lat'>(2)</span> <span class='ocrx_word' id='word_1_195' title='bbox 290 1724 447 1754; x_wconf 74' lang='lat' dir='ltr'>metando.</span> <span class='ocrx_word' id='word_1_196' title='bbox 475 1725 568 1759; x_wconf 71' lang='lat' dir='ltr'>Meto,</span> <span class='ocrx_word' id='word_1_197' title='bbox 594 1733 642 1757; x_wconf 73' lang='lat' dir='ltr'>as:</span> <span class='ocrx_word' id='word_1_198' title='bbox 666 1727 699 1752; x_wconf 81' lang='lat' dir='ltr'>et</span> <span class='ocrx_word' id='word_1_199' title='bbox 720 1726 828 1758; x_wconf 80' lang='lat' dir='ltr'>metor,</span> <span class='ocrx_word' id='word_1_200' title='bbox 853 1723 932 1758; x_wconf 81' lang='lat' dir='ltr'>aris;</span> <span class='ocrx_word' id='word_1_201' title='bbox 957 1724 1012 1752; x_wconf 81' lang='lat' dir='ltr'>aut</span> <span class='ocrx_word' id='word_1_202' title='bbox 1027 1723 1150 1758; x_wconf 85' lang='lat' dir='ltr'>metior,</span> <span class='ocrx_word' id='word_1_203' title='bbox 1165 1722 1286 1752; x_wconf 68' lang='lat' dir='ltr'>metiris</span> 
     </span>
     <span class='ocr_line' id='line_1_32' title="bbox 158 1763 1284 1802; baseline -0.002 -8"><span class='ocrx_word' id='word_1_204' title='bbox 158 1767 206 1794; x_wconf 87' lang='lat' dir='ltr'>est</span> <span class='ocrx_word' id='word_1_205' title='bbox 231 1765 360 1794; x_wconf 82' lang='lat' dir='ltr'>alicuius</span> <span class='ocrx_word' id='word_1_206' title='bbox 384 1766 429 1794; x_wconf 88' lang='lat' dir='ltr'>rei</span> <span class='ocrx_word' id='word_1_207' title='bbox 462 1765 707 1801; x_wconf 85' lang='lat' dir='ltr'>magnitudinem</span> <span class='ocrx_word' id='word_1_208' title='bbox 744 1764 923 1802; x_wconf 75' lang='lat' dir='ltr'>explorare,</span> <span class='ocrx_word' id='word_1_209' title='bbox 945 1764 1067 1793; x_wconf 90' lang='lat' dir='ltr'>modum</span> <span class='ocrx_word' id='word_1_210' title='bbox 1096 1764 1125 1794; x_wconf 83' lang='lat' dir='ltr'>ei</span> <span class='ocrx_word' id='word_1_211' title='bbox 1147 1763 1284 1799; x_wconf 82' lang='lat' dir='ltr'>definire,</span> 
     </span>
     <span class='ocr_line' id='line_1_33' title="bbox 159 1805 1284 1843; baseline 0 -9"><span class='ocrx_word' id='word_1_212' title='bbox 159 1807 307 1836; x_wconf 77' lang='lat' dir='ltr'>dimetiri.</span> <span class='ocrx_word' id='word_1_213' title='bbox 332 1806 526 1842; x_wconf 81' lang='lat' dir='ltr'>Exquirendo</span> <span class='ocrx_word' id='word_1_214' title='bbox 547 1809 580 1835; x_wconf 82' lang='lat' dir='ltr'>et</span> <span class='ocrx_word' id='word_1_215' title='bbox 601 1806 787 1835; x_wconf 82' lang='lat' dir='ltr'>dimetiendo</span> <span class='ocrx_word' id='word_1_216' title='bbox 808 1805 906 1834; x_wconf 78' lang='lat' dir='ltr'>locum</span> <span class='ocrx_word' id='word_1_217' title='bbox 922 1806 1061 1843; x_wconf 81' lang='lat' dir='ltr'>capiunt,</span> <span class='ocrx_word' id='word_1_218' title='bbox 1077 1805 1108 1834; x_wconf 91' lang='lat' dir='ltr'>in</span> <span class='ocrx_word' id='word_1_219' title='bbox 1125 1813 1183 1842; x_wconf 87' lang='lat' dir='ltr'>quo</span> <span class='ocrx_word' id='word_1_220' title='bbox 1205 1813 1284 1834; x_wconf 87' lang='lat' dir='ltr'>mar-</span> 
     </span>
     <span class='ocr_line' id='line_1_34' title="bbox 159 1847 668 1884; baseline -0.002 -7"><span class='ocrx_word' id='word_1_221' title='bbox 159 1848 238 1884; x_wconf 78' lang='lat' dir='ltr'>tyris·</span> <span class='ocrx_word' id='word_1_222' title='bbox 261 1847 417 1882; x_wconf 87' lang='lat' dir='ltr'>relliquias</span> <span class='ocrx_word' id='word_1_223' title='bbox 439 1847 501 1877; x_wconf 85' lang='lat' dir='ltr'>rite</span> <span class='ocrx_word' id='word_1_224' title='bbox 523 1847 668 1877; x_wconf 86' lang='lat' dir='ltr'>condant.</span> 
     </span>
    </p>

    <p class='ocr_par' dir='ltr' id='par_1_5' title="bbox 160 1886 1282 1967">
     <span class='ocr_line' id='line_1_35' title="bbox 222 1886 1282 1926; baseline -0.001 -8"><span class='ocrx_word' id='word_1_225' title='bbox 222 1888 266 1926; x_wconf 81' lang='lat'>(3)</span> <span class='ocrx_word' id='word_1_226' title='bbox 291 1898 397 1917; x_wconf 80' lang='lat' dir='ltr'>mersa</span> <span class='ocrx_word' id='word_1_227' title='bbox 420 1889 597 1919; x_wconf 79' lang='lat' dir='ltr'>latebrosis.</span> <span class='ocrx_word' id='word_1_228' title='bbox 622 1888 769 1925; x_wconf 81' lang='lat' dir='ltr'>Cryptam</span> <span class='ocrx_word' id='word_1_229' title='bbox 798 1887 961 1917; x_wconf 86' lang='lat' dir='ltr'>Veraniam</span> <span class='ocrx_word' id='word_1_230' title='bbox 983 1887 1015 1917; x_wconf 89' lang='lat' dir='ltr'>in</span> <span class='ocrx_word' id='word_1_231' title='bbox 1037 1887 1089 1916; x_wconf 81' lang='lat' dir='ltr'>via</span> <span class='ocrx_word' id='word_1_232' title='bbox 1109 1886 1282 1917; x_wconf 78' lang='lat' dir='ltr'>Tiburtina.</span> 
     </span>
     <span class='ocr_line' id='line_1_36' title="bbox 160 1928 1242 1967; baseline -0.001 -9"><span class='ocrx_word' id='word_1_233' title='bbox 160 1929 196 1960; x_wconf 81' lang='lat' dir='ltr'>V.</span> <span class='ocrx_word' id='word_1_234' title='bbox 220 1930 371 1960; x_wconf 66' lang='lat' dir='ltr'>MAMACH.</span> <span class='ocrx_word' id='word_1_235' title='bbox 398 1930 488 1967; x_wconf 74' lang='lat' dir='ltr'>Oriy.</span> <span class='ocrx_word' id='word_1_236' title='bbox 511 1933 541 1960; x_wconf 80' lang='lat' dir='ltr'>et</span> <span class='ocrx_word' id='word_1_237' title='bbox 562 1930 764 1967; x_wconf 75' lang='lat' dir='ltr'>Antiquitat.</span> <span class='ocrx_word' id='word_1_238' title='bbox 789 1929 971 1959; x_wconf 81' lang='lat' dir='ltr'>Christian.</span> <span class='ocrx_word' id='word_1_239' title='bbox 987 1929 1022 1959; x_wconf 89' lang='lat' dir='ltr'>T.</span> <span class='ocrx_word' id='word_1_240' title='bbox 1045 1928 1104 1964; x_wconf 87' lang='lat'>111,</span> <span class='ocrx_word' id='word_1_241' title='bbox 1122 1937 1152 1966; x_wconf 88' lang='lat' dir='ltr'>p.</span> <span class='ocrx_word' id='word_1_242' title='bbox 1172 1928 1242 1958; x_wconf 89' lang='lat'>160.</span> 
     </span>
    </p>

    <p class='ocr_par' dir='ltr' id='par_1_6' title="bbox 160 1968 1284 2090">
     <span class='ocr_line' id='line_1_37' title="bbox 223 1968 1284 2014; baseline -0.001 -15"><span class='ocrx_word' id='word_1_243' title='bbox 223 1971 266 2007; x_wconf 77' lang='lat'>(4)</span> <span class='ocrx_word' id='word_1_244' title='bbox 290 1974 375 2000; x_wconf 75' lang='lat' dir='ltr'>arta.</span> <span class='ocrx_word' id='word_1_245' title='bbox 399 1971 511 2000; x_wconf 86' lang='lat' dir='ltr'>Artare</span> <span class='ocrx_word' id='word_1_246' title='bbox 533 1973 565 2001; x_wconf 87' lang='lat' dir='ltr'>et</span> <span class='ocrx_word' id='word_1_247' title='bbox 586 1973 686 2006; x_wconf 77' lang='lat' dir='ltr'>artus,</span> <span class='ocrx_word' id='word_1_248' title='bbox 701 1970 820 1999; x_wconf 74' lang='lat' dir='ltr'>extrita</span> <span class='ocrx_word' id='word_1_249' title='bbox 841 1980 858 1999; x_wconf 80' lang='lat' dir='ltr'>c</span> <span class='ocrx_word' id='word_1_250' title='bbox 880 1971 928 2000; x_wconf 87' lang='lat' dir='ltr'>est</span> <span class='ocrx_word' id='word_1_251' title='bbox 944 1968 1131 2014; x_wconf 72' lang='grc' dir='ltr'>ἀρχαϊκῶς.</span> <span class='ocrx_word' id='word_1_252' title='bbox 1145 1969 1200 1999; x_wconf 81' lang='lat' dir='ltr'>sed</span> <span class='ocrx_word' id='word_1_253' title='bbox 1220 1968 1284 2006; x_wconf 79' lang='lat' dir='ltr'>pla-</span> 
     </span>
     <span class='ocr_line' id='line_1_38' title="bbox 160 2015 1283 2055; baseline -0.002 -8"><span class='ocrx_word' id='word_1_254' title='bbox 160 2018 209 2047; x_wconf 90' lang='lat' dir='ltr'>cet</span> <span class='ocrx_word' id='word_1_255' title='bbox 230 2017 371 2047; x_wconf 77' lang='lat' dir='ltr'>eruditis.</span> <span class='ocrx_word' id='word_1_256' title='bbox 404 2017 466 2048; x_wconf 78' lang='lat' dir='ltr'>Gfr.</span> <span class='ocrx_word' id='word_1_257' title='bbox 490 2018 594 2048; x_wconf 75' lang='lat' dir='ltr'>Pmsc.</span> <span class='ocrx_word' id='word_1_258' title='bbox 625 2018 660 2047; x_wconf 91' lang='lat' dir='ltr'>L.</span> <span class='ocrx_word' id='word_1_259' title='bbox 687 2017 750 2051; x_wconf 78' lang='lat' dir='ltr'>VI:</span> <span class='ocrx_word' id='word_1_260' title='bbox 775 2019 808 2047; x_wconf 76' lang='lat' dir='ltr'>et</span> <span class='ocrx_word' id='word_1_261' title='bbox 829 2017 962 2047; x_wconf 75' lang='lat' dir='ltr'>CELLAR.</span> <span class='ocrx_word' id='word_1_262' title='bbox 980 2017 1127 2055; x_wconf 76' lang='lat' dir='ltr'>Orthoyr.</span> <span class='ocrx_word' id='word_1_263' title='bbox 1144 2015 1283 2046; x_wconf 67' lang='lat' dir='ltr'>Glsnnm.</span> 
     </span>
     <span class='ocr_line' id='line_1_39' title="bbox 161 2058 790 2090; baseline 0.003 -2"><span class='ocrx_word' id='word_1_264' title='bbox 161 2059 255 2088; x_wconf 81' lang='lat' dir='ltr'>habet</span> <span class='ocrx_word' id='word_1_265' title='bbox 275 2061 378 2089; x_wconf 80' lang='lat' dir='ltr'>arcta.</span> <span class='ocrx_word' id='word_1_266' title='bbox 402 2059 477 2089; x_wconf 86' lang='lat' dir='ltr'>Vide</span> <span class='ocrx_word' id='word_1_267' title='bbox 499 2062 530 2089; x_wconf 80' lang='lat' dir='ltr'>et</span> <span class='ocrx_word' id='word_1_268' title='bbox 553 2059 591 2088; x_wconf 85' lang='lat' dir='ltr'>ad</span> <span class='ocrx_word' id='word_1_269' title='bbox 614 2067 691 2090; x_wconf 87' lang='lat' dir='ltr'>vers.</span> <span class='ocrx_word' id='word_1_270' title='bbox 717 2058 790 2090; x_wconf 82' lang='lat'><strong>228.</strong></span> 
     </span>
    </p>
   </div>
   <div class='ocr_carea' id='block_1_4' title="bbox 1298 0 1450 2537">
    <p class='ocr_par' dir='ltr' id='par_1_7' title="bbox 1298 0 1450 2537">
     <span class='ocr_line' id='line_1_40' title="bbox 1298 0 1450 2537; baseline 0 0"><span class='ocrx_word' id='word_1_271' title='bbox 1298 0 1450 2537; x_wconf 95' lang='lat' dir='ltr'> </span> 
     </span>
    </p>
   </div>
  </div>
 </body>
</html>
