1502 2537
371 154 478 190 llEPl
508 154 763 191 ΣΤΕΦΑΝΩΝ
796 163 946 191 nrnnvs
974 164 1012 191 vr
1204 153 1279 191 155

369 278 420 314 At
448 277 535 324 quin
567 277 642 324 ipse
671 287 768 314 meos
797 276 905 323 pedes
933 276 1127 321 resolvam,

315 329 371 367 Ne
400 329 556 377 vestigia
583 329 793 377 praepedita
822 329 953 366 vinclis
983 330 1041 377 (1)
1231 331 1279 366 80

315 382 446 420 Tardis
474 382 661 429 gressibus
689 383 832 420 irruant
859 382 897 420 in
927 383 1062 430 ignem.

369 436 440 473 Cur
467 435 630 473 lamenta
656 435 784 483 rigant
810 446 926 483 genas
955 436 1170 472 madentes?

315 489 388 526 Cur
415 489 526 526 vestri
556 499 690 525 memor
718 491 758 526 ut
786 487 872 525 fiam
900 489 1068 533 rogatis?
1089 489 1147 536 (2)

316 541 467 579 Cunctis
496 553 559 588 pro
587 541 731 589 populis
758 541 895 588 rogabo
921 541 1120 579 Christum.
1153 555 1174 574 >›
1209 563 1252 567 -

369 594 441 632 Vix
469 594 557 632 haec
586 594 763 639 ediderat,
794 594 935 631 relaxat
964 594 1038 640 ipse
1232 595 1281 629 85

316 648 538 685 Indumenta
564 647 717 695 pedum:
748 647 849 684 velut
876 647 1021 694 Moyses
1042 648 1100 694 (3)

316 701 507 747 Quondam
535 700 672 738 fecerat
698 700 745 737 ad
773 700 903 737 rubum
930 700 1195 747 propinquans

368 755 454 792 Non
481 753 622 791 calcare
650 765 793 791 sacram
821 753 1093 799 cremationem,
1125 754 1183 800 (4)

317 809 395 846 Aut
421 807 568 844 adstare
597 807 672 844 Deo
701 807 803 853 prius
831 806 979 851 licebat,

316 861 432 906 Quam
461 859 618 907 vestigia
645 871 737 906 pura
765 860 978 906 figerentur.
1233 859 1284 895 90

369 913 498 951 Stabat
524 912 622 950 calce
650 923 772 957 mera3
805 911 962 949 resultat
990 923 1070 949 ecce
1091 911 1150 960 (5)

318 966 426 1004 Caelo
453 965 622 1013 spiritus,
652 967 689 1002 et
716 965 806 1002 serit
831 964 1032 1012 loquelam,
1057 964 1115 1012 (6)

316 1021 414 1065 Quae
442 1020 592 1056 cunctos
620 1017 821 1055 tremefecit
847 1017 1053 1055 audientes.

317 1093 367 1099 —
388 1086 411 1109 «
439 1072 525 1110 Non
553 1072 620 1117 est,
649 1071 798 1116 credite,
830 1082 962 1118 poena,
994 1082 1102 1118 quam
1133 1070 1280 1115 videtis,

316 1125 415 1171 Quae
443 1126 578 1172 puncto
604 1124 707 1161 tenui
734 1124 849 1162 citata
875 1123 1033 1168 transit;
1233 1125 1282 1159 95

315 1179 394 1216 Nec
421 1178 536 1216 vitam
563 1177 662 1224 rapit
689 1177 770 1223 illa,
801 1177 865 1214 sed
892 1176 1084 1214 reformat.

369 1231 507 1269 Felices
535 1230 694 1275 animae,
726 1230 859 1278 quibus
886 1241 950 1277 per
977 1230 1101 1277 ignem

316 1285 423 1323 Celsa
451 1283 624 1322 scandere
653 1283 810 1331 contigit
836 1283 1040 1329 Tonantis3

316 1339 415 1384 Quas
443 1337 530 1376 olim
558 1336 676 1385 fugiet
702 1336 874 1384 perennis
901 1335 1016 1384 ignis.
1049 1350 1070 1370 »
1099 1357 1152 1364 --

220 1474 265 1512 (1)
288 1473 417 1508 vinclis,
439 1472 507 1503 scil.
541 1471 664 1508 calceis,
687 1471 796 1508 quibus
825 1470 949 1509 perinde
973 1471 1063 1509 pedes
1094 1472 1283 1503 vinciuntur.

219 1521 264 1560 (2)
288 1523 325 1550 ut
344 1521 435 1557 fiam.
458 1520 510 1550 Ita.
530 1528 603 1550 mss.
637 1519 723 1550 codd.
756 1519 813 1549 Sed
841 1519 944 1549 Annvs
972 1520 1064 1549 metri
1092 1528 1184 1549 causa
1219 1529 1283 1549 eor-

157 1563 240 1593 rexit
260 1565 297 1592 ut
317 1563 407 1598 siem,
430 1561 623 1599 improbante
644 1561 802 1591 G1seuno.
826 1560 904 1598 Quid
926 1561 999 1596 quid
1021 1561 1076 1596 sit,
1099 1561 1186 1597 longe.
1201 1569 1220 1590 a
1235 1570 1282 1591 ve-

156 1605 253 1634 ritate
273 1603 398 1633 aberrat
418 1602 602 1638 Ceuuuvs,
623 1601 695 1631 dum
710 1602 880 1637 contendit,
896 1610 970 1631 aevo
984 1602 1190 1632 Prudentiano
1211 1611 1282 1631 non-

157 1645 228 1675 ‹lum
251 1644 291 1674 ad
322 1644 528 1682 patrocinium
557 1643 729 1673 animarum
751 1642 962 1673 defunctorum
994 1643 1155 1680 confugere
1178 1643 1283 1673 solitos

156 1695 220 1716 esse
241 1685 443 1716 Christianos.
466 1684 577 1723 Quovis
598 1685 680 1714 enim
701 1687 835 1722 tempore
849 1684 938 1714 docet
958 1684 1187 1719 Bnnmnmmvs,
1203 1684 1283 1714 chri-

155 1728 292 1757 stianam
323 1726 494 1756 doctrinam
526 1727 680 1763 sequutos,
703 1728 877 1756 sanctorum
902 1724 1112 1756 defunctorum
1137 1726 1284 1763 suffragia

157 1777 278 1807 poscere
298 1776 356 1797 non
379 1767 542 1804 aufugisse.

221 1815 266 1853 (3)
288 1815 374 1845 velut
394 1815 521 1844 Mones.
544 1815 661 1844 Mo'tses
692 1815 755 1844 tres
786 1813 919 1851 syllabas
952 1814 1114 1850 continet,
1137 1815 1173 1844 ut
1203 1814 1282 1852 apud

156 1856 344 1891 Senvmvu,
361 1855 511 1892 aliosque:
535 1856 695 1892 tribusque
715 1854 841 1893 syllabis
855 1856 977 1885 constat
991 1856 1023 1884 in
1038 1855 1134 1886 Exod.
1149 1855 1282 1893 Septua-

153 1898 249 1936 yinta
261 1898 492 1935 Interpretum,
506 1897 558 1927 ubi
569 1897 714 1927 distincte
725 1896 848 1934 legitur:
863 1895 1018 1942 Μωϋῦής
1033 1896 1148 1934 (Ezod.
1160 1896 1218 1932 111,
1235 1896 1281 1934 2).

221 1945 267 1985 (4)
289 1954 419 1975 sacram
451 1946 689 1975 cremationem.
712 1944 833 1974 Rubum
855 1944 983 1982 raepicit
1009 1944 1189 1979 mosaicum,
1221 1943 1282 1973 nisi

157 1986 235 2016 forto
256 1986 332 2016 velis
353 1987 454 2023 ignem
476 1986 526 2015 hic
549 1986 693 2023 intelligi,
717 1994 776 2022 quo
796 1987 946 2023 martyres
967 1986 1068 2016 essent
1089 1984 1254 2015 cremandi.

219 2034 264 2072 (5)
285 2034 392 2064 dabat
413 2033 496 2063 calce
518 2043 619 2069 mera,
642 2033 732 2063 nudis
753 2032 890 2071 pedibus,

221 2079 266 2119 (6)
287 2081 451 2120 Spiritm:
476 2081 530 2111 Dei
552 2080 691 2117 nuntius,
714 2079 850 2118 angelus.
