1450 2537
213 147 282 188 184
592 156 740 186 AVRELII
768 153 964 183 pavonum

372 275 436 319 At,
469 272 499 309 si
528 271 615 319 quid
642 281 796 317 usquam
825 269 1003 306 vanitatis
1032 268 1089 317 (1)
1117 268 1292 317 mysticae

320 326 434 362 Nobis
462 325 650 362 colendum
679 325 747 368 est,
779 323 856 369 ipse
884 322 1022 369 primus
1050 321 1192 369 incipe3

321 381 530 424 l'ronusque
549 377 660 414 adora
679 375 854 424 quidquid
875 375 914 412 in
932 375 1039 412 terris
1057 374 1153 413 sacri
1171 375 1241 421 est,

321 433 412 468 Deos
440 431 605 475 Latinos,
637 431 672 466 et
699 429 784 466 deos
813 428 1028 476 Aegyptios,

317 486 405 529 Quis
425 485 540 521 Roma
553 483 659 528 libat,
678 484 760 529 quis
776 483 945 528 Canopus
961 480 1019 528 (2)
1035 480 1231 528 supplicat.
1261 481 1337 518 255

370 543 546 580 Venerem
573 540 758 588 precaris?
786 550 1010 587 comprecare
1038 541 1075 576 et
1101 539 1259 578 simiam.
1280 539 1338 587 (3)

319 595 444 632 Placet
472 596 637 632 sacratus
665 593 765 640 aspis
795 592 1032 639 Aesculapii?
1061 592 1118 640 (4)

319 647 526 686 Crocodilus
556 647 630 694 (5),
662 646 747 692 ibis,
778 647 814 683 et
841 646 959 689 canis,
991 657 1053 683 cur
1081 645 1305 693 displicent?

320 702 472 748 Adpone
500 699 617 747 porris
644 699 836 747 religiosas
864 699 1003 745 arulas,

319 755 498 792 Vener-are
514 753 683 790 acerbum
702 763 810 799 caepe
832 752 906 800 (6),
929 751 1077 789 mordax
1097 750 1239 790 allium.
1263 752 1340 790 260

372 811 578 859 Fuliginosi
604 813 684 849 ture
711 810 907 858 placantur
934 811 1060 856 Lares,

320 867 368 903 Et
395 867 616 912 respuuntur
643 865 856 902 consecrata
883 863 1070 902 oluscula:

321 920 398 956 Aut
424 918 520 956 unde
549 917 663 955 maior
691 929 769 955 esse
796 917 971 954 maiestas
997 916 1102 962 focis,

321 973 436 1017 Quam
464 972 554 1008 nata
580 970 620 1008 in
647 970 764 1008 hortis
792 970 986 1008 sarculatis
1010 969 1181 1016 creditur,

321 1025 357 1062 Si
385 1035 520 1062 numen
548 1023 645 1070 ollis,
676 1035 811 1061 numen
839 1025 875 1061 et
901 1023 1018 1070 porris
1045 1022 1154 1060 inest.
1265 1022 1342 1060 265

375 1083 443 1120 Sed
461 1082 614 1129 pulchra
632 1093 690 1119 res
709 1083 765 1119 est
783 1081 900 1119 forma
918 1082 956 1118 in
976 1093 1056 1119 aere
1076 1080 1273 1128 sculptilis.

322 1136 415 1181 Quid
442 1135 666 1183 imprecabor
693 1135 848 1172 officinis
876 1134 1063 1181 Graeciae,

322 1190 420 1234 Quae
448 1189 689 1226 condiderunt
716 1188 889 1236 gentibus
918 1187 1042 1225 stultis
1071 1187 1184 1225 deos?

322 1243 477 1289 Forceps
504 1241 683 1290 Myronis,
713 1241 869 1278 malleus
897 1240 1068 1288 Polycliti
1097 1240 1171 1288 (7),

323 1296 467 1332 Natura
494 1296 655 1333 vestrum
682 1296 738 1332 est
765 1295 873 1343 atque
901 1294 1003 1342 origo
1030 1293 1216 1331 caelitum.
1267 1293 1343 1331 270

280 1424 325 1464 (1)
348 1426 393 1455 At
413 1425 444 1454 si
465 1424 545 1463 quid
566 1425 737 1454 vanitatis.
760 1426 820 1455 etc.
845 1424 940 1453 Venit
972 1432 1050 1453 nunc
1074 1424 1165 1461 poeta
1185 1423 1226 1453 ad
1247 1422 1345 1461 Aegy-

217 1467 352 1505 ptiorum
373 1466 551 1502 religiones3
576 1466 612 1496 de
630 1466 739 1502 quibus
762 1466 831 1495 vide
853 1466 896 1494 sis
918 1465 962 1494 Io.
987 1465 1198 1494 stnssnmvu
1222 1465 1346 1495 Mosae—

219 1516 297 1537 Mlvm
320 1508 359 1537 ad
380 1508 553 1546 Radulphi
587 1507 762 1538 Cudvvortt
792 1508 939 1545 Systema
973 1506 1186 1536 intellectual.
1209 1507 1295 1537 Tom.
1318 1506 1346 1543 I,

219 1559 246 1587 p.
269 1551 341 1578 415.

280 1597 328 1634 (2)
353 1597 517 1634 Canopus,
540 1595 663 1633 synecd.
687 1604 759 1634 pars
771 1604 825 1633 pro
848 1596 914 1624 toto
936 1595 1087 1634 Aegypto.

282 1644 331 1682 (3)
354 1647 383 1673 et
404 1645 547 1673 simiam.
573 1643 642 1673 Scil.
669 1643 926 1681 cercopithecum.
941 1643 1020 1673 Nos:
1041 1644 1132 1681 qatto
1155 1650 1346 1673 mammone.

219 1685 254 1714 V.
279 1686 345 1715 Ivv.
369 1686 436 1715 Sat.
459 1685 527 1720 XV,
551 1685 581 1714 4.

283 1733 326 1769 (4)
338 1734 438 1770 Aspis
451 1732 653 1770 Aesculapii.
670 1731 706 1760 V.
720 1732 775 1761 Ον.
793 1732 869 1762 Met.
883 1731 951 1767 XV,
963 1732 1003 1761 50
1018 1731 1051 1760 et
1064 1739 1164 1767 seqq„
1177 1731 1230 1761 ubi
1239 1732 1350 1762 narrat

220 1774 374 1811 Epidauro
396 1774 524 1803 Romam
547 1774 663 1802 venisse
687 1773 900 1810 Aesculapium
923 1773 955 1801 in
969 1774 1142 1810 serpentem
1156 1781 1346 1803 conversum.

283 1820 328 1859 (5)
344 1821 542 1850 Crocodilus.
560 1821 601 1850 De
617 1820 802 1849 animalibus
817 1828 870 1858 pro
892 1820 952 1849 diis
967 1820 1049 1857 apud
1065 1820 1233 1858 Aegyptios
1254 1819 1348 1851 cultis

222 1862 290 1891 vide
311 1862 354 1890 sis
376 1862 522 1891 Wossrvn
545 1862 588 1891 ad
610 1862 764 1891 Lactant.
788 1862 822 1891 L.
847 1861 914 1891 VII.

283 1908 331 1947 (6)
353 1919 444 1947 caepe
465 1912 522 1938 etc.
549 1909 586 1938 V.
610 1909 677 1938 Ix'v.
696 1910 764 1939 Sat.
789 1910 865 1944 XV,
889 1910 921 1940 9.
939 1910 972 1939 et
991 1916 1076 1946 seqq.

284 1955 334 1994 (7)
358 1957 493 1994 Forceps
514 1957 677 1994 Myronis.
700 1957 806 1993 Myron
839 1956 1010 1986 statuarius
1032 1956 1176 1993 insignis,
1199 1956 1346 1992 Boeotum

223 1997 393 2033 Polycletus
408 1998 569 2035 Sicyonius
586 1999 660 2027 item
682 1998 855 2027 statuarius
876 1998 1018 2034 eximius,
1034 1998 1071 2027 de
1093 1998 1204 2034 quibus
1218 1998 1351 2028 Tvnuvs

224 2047 254 2107 lgu
278 2039 324 2109 ll}
338 2038 467 2069 Verriua
481 2062 490 2076 ‚
512 2041 546 2069 et
576 2039 706 2069 PLINIVS
727 2039 834 2070 MAIOR
857 2039 887 2070 in
909 2039 949 2070 H.
973 2040 1012 2069 N.
1036 2039 1180 2074 XXXIV,
1202 2040 1234 2076 6,
1257 2040 1294 2075 83
1317 2041 1350 2069 et
