1502 2537
280 0 372 25 ¹*⁷s»·.
387 0 392 9 r

425 186 709 216 cll'mmnmmou
735 186 887 215 11thst
913 186 965 214 x11

341 302 427 341 Non
454 301 520 340 ina
547 301 660 340 servit
686 301 870 347 noctibus,

289 356 419 394 Secuta
446 355 572 394 lunam
599 356 821 393 menstruam
838 385 846 398 ,

288 409 356 447 Sed
386 407 464 446 sola
491 408 632 446 caelum
658 408 864 456 possidens,

289 462 444 501 Cursum
471 461 610 500 dierum
638 463 829 508 temperat.

343 529 478 566 Arctoa
506 526 674 575 quamvis
701 526 836 572 sidera,

290 581 337 619 In
365 593 402 619 se
430 580 575 618 retortis
604 580 774 625 motibus,

0 607 11 720 ξ
291 634 398 672 Obire
426 633 560 679 nolint,
591 635 754 693 attamen

290 687 507 735 Plerumque
535 687 603 724 sub
631 687 766 724 nimbis
793 686 931 724 latent:

344 752 424 790 Hoc
451 751 554 789 sidus
581 753 768 789 aeternum
797 753 920 788 manet
950 751 1023 798 (1),

292 805 392 843 Haec
420 804 528 843 stella
555 815 755 852 numquam
783 804 973 852 mergitur,

291 859 368 896 Nec
397 857 505 895 nubis
533 868 684 895 occursu
703 856 828 895 abdita

291 911 494 951 Obumbrat
521 911 715 948 obductam
742 909 870 947 facem.

341 975 474 1014 Tristis
501 976 640 1013 cometa
668 974 862 1012 intercidat
891 974 965 1023 (2),

290 1030 352 1075 Et,
382 1028 415 1067 si
443 1028 539 1076 quod
566 1030 706 1066 astrum
733 1027 826 1065 Sirio

290 1083 420 1120 Fervet
446 1092 592 1129 vapore,
624 1082 697 1118 iam
726 1080 794 1118 Dei

289 1136 362 1174 Sub
389 1135 468 1173 luce
496 1135 721 1172 destructum
748 1133 870 1172 cadat.

342 1200 401 1238 En
430 1199 567 1237 Persici
596 1212 639 1237 ex
657 1199 755 1237 orbis
783 1198 868 1237 sinu
897 1198 972 1248 (3),

289 1253 348 1291 Sol
376 1252 472 1291 unde
500 1253 613 1291 sumit
641 1252 804 1298 ianuam,

290 1307 467 1353 Cernunt,
498 1305 606 1354 periti
634 1306 864 1354 interpretes,

290 1359 427 1407 Regale
452 1359 625 1397 vexillum
652 1359 769 1407 Magi.

342 1424 445 1470 Quod
472 1425 515 1461 ut
541 1423 699 1470 refulsit,
730 1424 839 1461 ceteri

290 1478 437 1515 Cessere
466 1477 656 1525 signorum
683 1476 805 1525 globi;

289 1531 366 1568 Nee
395 1529 544 1577 pulcher
571 1532 630 1568 est
658 1541 769 1568 ausus
798 1541 902 1567 suam

290 1582 460 1621 Conferre
490 1582 642 1621 formam
671 1581 827 1621 Lucifer.

193 1725 238 1764 (1)
263 1726 331 1756 Hoc
352 1725 446 1755 sidus
467 1726 527 1755 etc.
551 1723 828 1770 Ἀλληγορικῶς.
851 1724 1007 1756 Christum
1029 1725 1160 1756 indicat.

1208 177 1258 216 67

1207 353 1255 392 10

1207 911 1259 949 20

1209 1478 1258 1515 30

192 1780 238 1819 (2)
265 1781 386 1810 Tristis
414 1782 542 1813 cometa,
567 1783 628 1809 etc.
658 1778 796 1809 Cometas
828 1778 948 1815 aliquid
979 1786 1097 1816 semper
1130 1779 1258 1809 infausti

130 1828 262 1858 humano
282 1827 384 1863 generi
409 1826 584 1864 portendere
613 1828 729 1856 veteres
761 1825 836 1855 salso
867 1825 1102 1856 existimabant.
1127 1837 1143 1853 «
1166 1827 1258 1856 quta

129 1875 329 1914 tropologiam
351 1883 434 1910 vero,
456 1876 546 1903 notat
562 1874 609 1903 hic
626 1874 768 1903 Erasmus
783 1873 992 1908 Roterodam„
1020 1873 1117 1903 Sirius
1132 1874 1180 1903 est
1203 1874 1256 1904 Sa-

129 1926 216 1960 mus,
232 1923 283 1960 qui
301 1924 417 1953 mentes
432 1922 588 1952 hominum
612 1921 650 1950 ad
672 1922 794 1950 insanos
816 1929 945 1956 amores,
962 1920 1000 1950 ad
1016 1920 1095 1951 bella
1116 1921 1257 1951 insidias-

130 1979 188 2007 que
209 1971 358 2001 concitat.
380 1969 445 2000 Has
465 1969 568 1999 stellas
596 1969 754 2004 extinguit
780 1967 920 1999 Christus
943 1968 1068 1998 exortus
1083 1990 1092 2004 ,
1116 1977 1150 1998 ac
1173 1977 1256 2006 prae-

140 2027 232 2048 ucens
251 2017 405 2048 mentibus
426 2017 540 2046 nostris
564 2028 592 2045 ».

193 2071 238 2108 (3)
261 2071 396 2100 Persici.
420 2070 556 2100 Persicos
578 2071 679 2098 noster
702 2068 779 2098 facit
801 2068 921 2104 Magos:
945 2068 996 2098 sed
1017 2076 1066 2098 eos
1088 2076 1125 2098 ex
1140 2067 1257 2099 Arabia

84 2129 94 2137 ν
132 2119 176 2148 vel
199 2118 333 2149 chaldea
355 2117 494 2149 Bethlem
516 2118 672 2147 advenisse
695 2116 784 2146 multi
809 2116 930 2147 docent.
