1502 2537
25 1976 27 1982 .
9 1955 11 1961 -
0 1638 31 1948 W-saepx.
4 1622 8 1631 ’

440 153 551 189 ΠΕΡΙ
578 153 837 188 ΣΊῈΦΑΝΩΝ
867 160 1019 187 ΗΥΜΝνε
1046 160 1074 186 11
1262 150 1311 186 93

403 275 520 321 Quum
549 275 711 313 membra
738 274 884 312 morbus
913 272 1066 318 disiicit,

352 329 509 366 Animus
537 329 636 375 viget
663 328 864 366 robustior:
1243 326 1319 362 210

352 381 525 418 Membris
554 381 713 419 vicissim
744 381 896 417 fortibus

352 434 421 472 Vis
449 435 634 472 sauciatur
662 445 847 471 sensuum.

406 488 504 525 Nam
532 487 686 535 sanguis
714 487 751 524 in
780 486 924 533 culpam
952 484 1077 522 calens

353 541 478 578 Minus
506 541 691 579 ministrat
718 540 865 586 virium,

354 594 393 632 Si
420 593 538 632 fervor
565 593 692 631 effetus
719 592 827 630 malis
1245 590 1320 626 215

354 647 507 686 Elumbe
535 647 635 684 virus
663 646 868 684 contrahat.

406 700 444 738 Si
471 699 563 738 forte
591 700 695 736 detur
723 699 834 746 optio,

356 753 486 791 Malim
513 753 632 791 dolore
660 752 858 799 asperrimo

354 806 576 854 Fragmenta
602 805 842 842 membrorum
870 805 963 852 pati,
1276 832 1278 834 v

355 860 404 897 Et
430 859 580 906 pulcher
607 859 708 895 intus
736 858 868 895 vivere.
1247 855 1322 891 220

409 911 599 951 Committe
626 911 762 948 formas
789 911 960 958 pestium,

355 965 405 1003 Et
431 964 554 1003 confer
581 964 742 1001 alternas
770 963 870 1001 lues:

356 1018 533 1056 Carnisne
561 1017 706 1055 morbus
733 1016 884 1062 foedior,

355 1072 418 1109 An
443 1071 591 1115 mentis,
622 1071 658 1108 et
686 1081 825 1107 morum
852 1070 1003 1107 ulcera?
1120 1109 1124 1112 ,

407 1124 537 1163 Nostri
565 1123 623 1171 (1)
652 1134 715 1170 per
742 1125 844 1161 artus
873 1123 1023 1168 debiles,
1241 1121 1318 1157 225

356 1178 466 1216 Intus
493 1176 631 1215 decoris
658 1176 807 1224 integri,

355 1231 508 1270 Sensum
535 1229 686 1268 venusti
713 1229 901 1267 innoxium

357 1283 564 1331 Languoris
591 1284 753 1329 expertes
781 1284 936 1330 gerunt;

409 1338 560 1375 Vestros
588 1336 752 1373 valentes
779 1347 923 1383 corpore

357 1391 513 1429 Interna
539 1389 736 1436 corrumpit
763 1389 878 1436 lepra,
1248 1386 1324 1423 230

356 1444 536 1491 Errorque
562 1454 733 1480 mancum
763 1441 820 1491 (2)
851 1441 1048 1487 claudicat,

356 1497 406 1535 Et
432 1507 538 1534 coeca
565 1495 666 1533 fraus
693 1495 787 1533 nihil
815 1495 927 1532 videt.

412 1549 582 1596 Quemvis
609 1551 753 1586 tuorum
781 1548 951 1592 divitum,

357 1603 427 1649 Qui
454 1604 553 1640 veste
580 1603 616 1638 et
643 1612 702 1639 ore
731 1600 792 1650 (3)
820 1600 1041 1648 praenitent,

357 1655 480 1703 Magis
506 1654 665 1703 probabo
693 1654 860 1699 debilem,
1249 1653 1325 1688 235

357 1709 475 1756 Quam
502 1707 585 1757 quis
613 1717 772 1745 meorum
800 1708 857 1745 est
881 1717 1097 1754 pauperum.

199 1845 336 1876 alumnos
349 1843 532 1876 chrismatis
547 1843 648 1879 vocat,
665 1842 717 1879 qui
733 1841 813 1872 almo
827 1840 1001 1873 chrismate
1012 1841 1216 1878 inunguntur,
1233 1840 1326 1876 atque

200 1886 394 1918 roborantur.

262 1927 308 1966 (1)
328 1927 444 1957 nostri.
467 1925 618 1956 Videlicet
639 1933 794 1962 pauperes.

263 1969 309 2007 (2)
329 1977 494 1998 mancum.
510 1966 753 2000 Adverbialiter;
771 1966 870 1996 instar
893 1965 971 2002 eius.
994 1972 1034 2002 qu
1062 1964 1163 2001 aliquo
1179 1964 1312 1994 membro

201 2011 235 2042 et
254 2010 435 2049 praesertim
457 2017 550 2039 mauu
571 2011 619 2039 est
641 2014 760 2046 captus.

262 2051 308 2090 (3)
327 2061 392 2087 ore„
413 2051 620 2084 Rvnmtfflvs,
642 2051 674 2079 et
705 2048 828 2086 quidem
858 2047 940 2079 nullo
971 2047 1036 2080 cod.
1071 2047 1206 2083 adiutuS,
1229 2055 1300 2086 susp

202 2094 293 2126 catur
309 2091 470 2133 legendum
491 2100 556 2124 osse
577 2099 673 2122 auro.
