1502 2537
533 367 745 407 HYMNVS
772 368 827 406 XI

293 473 463 512 PASSIO
502 473 777 512 HIPPOLYTI
813 474 1068 514 MARTYRIS

405 566 455 593 AD
483 567 725 594 VALERIANVM
752 567 951 595 EPISCOPVM

115 678 212 717 Quum
226 679 353 710 Romam
376 682 466 717 poeta
487 679 695 717 repetivisset,
711 679 870 710 Valeriano
891 680 1240 717 caesaraugustanorum

157 727 293 764 pontifici
306 729 415 757 narrat
425 735 456 756 se
468 726 561 756 Urbis
575 728 699 764 cryptas
714 727 853 765 cupidius
868 728 1025 762 invisisse:
1041 729 1144 764 ibique
1161 729 1238 758 iuter

156 774 330 804 innumeros
345 776 514 811 martyrum
529 773 653 809 loculos,
676 774 832 810 relliquias
854 776 977 804 nactum
993 784 1056 805 oese
1071 776 1101 806 S.
1129 775 1240 812 Hippo-

155 820 212 859 lyti
228 821 384 859 splendide
405 821 556 851 conditas.
575 821 632 859 Qui
654 821 766 851 Novati
787 822 940 852 erroribus
967 823 1108 859 eiuratis,
1127 824 1165 852 ad
1186 824 1239 854 Ca-

154 867 302 898 tholicam
316 869 488 898 doctrinam
503 868 649 903 redierat,
667 868 850 904 insandoquc
865 870 1014 906 martyrio
1030 871 1127 899 vitam
1151 871 1238 900 houe-

153 917 303 946 ataverat.
327 915 499 952 Martyrum
531 915 758 950 constantiam,
780 915 884 945 oblata
905 916 964 945 sibi
993 917 1162 952 occasione,
1187 926 1239 946 nos

155 961 244 992 docet
275 961 478 996 Prudentius:
502 963 535 991 et
562 969 639 998 quae
672 962 708 992 de
740 962 902 1000 Hippolyti
936 963 1126 992 cruciatibus
1148 963 1237 993 refert

154 1008 249 1045 elegis
265 1009 380 1039 affabre
395 1008 487 1038 sactis
498 1031 505 1044 ,
521 1009 570 1038 ait
592 1017 624 1038 so
641 1017 732 1046 prope
749 1010 849 1039 sancti
865 1010 924 1039 viri
942 1010 1111 1048 sepulcrum
1134 1011 1164 1040 in
1189 1020 1238 1048 pa-

152 1055 231 1086 riete
251 1056 375 1093 aquatis
405 1055 556 1086 coloribus
577 1056 680 1085 omnia
707 1056 852 1093 graphice
884 1057 1008 1094 depicta
1039 1059 1238 1097 perspexisse.

154 1102 308 1140 Hymnnm
318 1102 389 1133 finit
403 1102 454 1133 die
468 1102 546 1132 festo
561 1105 808 1139 commemorato,
822 1104 852 1134 S.
868 1104 1026 1140 Martyris,
1039 1105 1090 1141 qui
1107 1105 1239 1135 maximo

153 1149 320 1180 incolarum
335 1150 368 1180 et
390 1149 629 1187 alienigenarum
647 1150 825 1180 celebritate
841 1151 943 1181 idibus
959 1153 1098 1188 augustis
1114 1152 1236 1182 colitur.

109 1274 329 1313 Innumeros
356 1274 495 1313 cineres
523 1275 739 1313 Sanctorum
767 1275 924 1313 Romula
953 1275 990 1313 in
1020 1276 1106 1314 urbe

164 1327 349 1373 Vidimus,
380 1339 400 1366 ο
429 1328 565 1366 Christi
594 1328 788 1365 Valeriane
817 1340 918 1365 sacci·
948 1328 1022 1376 (1).

110 1380 254 1418 Incisos
281 1381 434 1418 tumulis
461 1380 604 1425 titulos,
636 1384 671 1418 et
699 1381 849 1428 singula
877 1382 1021 1428 quaeris

164 1433 356 1472 Nomina?
385 1433 530 1471 difficile
558 1436 614 1471 est
642 1435 682 1471 ut
710 1434 882 1481 replicare
913 1434 972 1482 (2)
1002 1445 1147 1481 queam.

111 1486 249 1524 Tantos
277 1486 454 1524 iustorum
485 1486 543 1535 (3)
574 1487 725 1534 populos
753 1486 853 1524 furor
882 1486 1014 1534 impius
1042 1487 1181 1534 hausit,
1213 1489 1235 1524 5

161 1539 280 1584 Quum
307 1539 439 1577 coleret
466 1539 606 1587 patrios
634 1540 742 1577 Troia
770 1541 886 1577 Roma
915 1540 1014 1578 deos.

173 1661 218 1698 (1)
245 1661 417 1691 Valeriane
437 1670 540 1692 sacer.
565 1662 714 1697 Valerius,
739 1670 791 1691 seu
813 1661 1004 1697 Valerianus.
1027 1663 1077 1692 cui
1089 1661 1234 1700 hymnum

110 1703 254 1732 inscribit
268 1704 371 1740 poeta.
388 1702 737 1739 Caesaraugustanorum
753 1703 910 1740 episcopus
931 1705 980 1733 est
1000 1703 1064 1739 ille,
1087 1704 1140 1740 qui
1156 1713 1235 1734 anno

109 1752 260 1773 cccaxxxr
282 1744 410 1773 concilio
432 1744 574 1773 interluit
602 1744 865 1781 Caesaraugustae
895 1744 1002 1774 habito
1031 1747 1139 1775 contra
1168 1745 1233 1776 Pri-

108 1784 320 1820 scillianistas,
345 1785 397 1821 qui
419 1785 586 1823 Hispanias
607 1785 668 1815 fere
691 1793 795 1815 omnes
817 1785 1026 1817 foedaverant.

173 1837 218 1875 (2)
239 1837 410 1875 replicare,
435 1846 487 1874 pro
502 1837 668 1875 explicare,
690 1837 826 1868 evolvere
848 1837 885 1869 V.
901 1838 993 1869 Tvu..
1012 1838 1043 1873 1,
1059 1838 1107 1868 De
1117 1839 1230 1870 Divin.

109 1879 161 1910 56.
185 1878 243 1909 Sed
263 1881 297 1908 et
328 1887 382 1916 pro
413 1879 516 1908 animo
549 1881 683 1916 repetere
704 1881 737 1909 et
762 1887 922 1909 renarrare
943 1883 992 1910 est
1012 1880 1046 1910 in
1073 1879 1178 1918 Apul„
1201 1881 1234 1910 in

109 1920 225 1950 Pacato
247 1919 411 1957 Drepanio,
434 1922 466 1949 et
486 1920 682 1958 Hieronymo.

171 1967 217 2004 (3)
239 1970 346 1997 tantos
366 1968 481 1998 iustor.
500 1967 710 2005 populorum.
734 1967 816 1998 Haec
837 1976 887 1998 eos
908 1967 1000 1998 veiim
1021 1967 1164 2005 relegere,
1181 1969 1232 2005 qui

109 2016 222 2047 paucos
247 2009 369 2038 omnino
394 2008 508 2038 Romae
534 2008 639 2038 secisse
660 2009 844 2046 martyrium
871 2009 1068 2040 contendunt.
1086 2009 1122 2039 V.
1151 2008 1230 2054 Περὶ

110 2053 209 2099 Στεφ,
237 2054 340 2092 hymn.
365 2055 406 2089 11,
429 2055 500 2084 542.
525 2071 563 2076 —
582 2056 710 2092 patrios
731 2056 816 2091 cleos,
839 2055 980 2093 Penates,
996 2056 1130 2093 aliosque
1145 2057 1230 2092 deos,

109 2109 183 2140 quos
196 2102 313 2133 Aeneas
330 2102 361 2131 in
383 2102 508 2133 Italiam
530 2111 630 2133 secum
654 2102 814 2134 intulerat.
