1502 2537
370 168 479 203 ΠΕΡΙ
508 166 767 202 mmmmm
805 174 954 201 armis
984 174 1025 200 111

494 0 585 16 w„
608 11 615 15 ,
638 0 681 18 ,γ
730 0 793 16 vv,

551 388 762 425 HYMNVS
791 387 855 426 ΠΙ

391 470 632 526 PASSIO
666 470 1010 525 EVLALIAE

453 555 723 593 senissimae
752 557 954 592 mnwms

407 677 575 715 Germino
604 676 737 714 nobilis
765 677 948 723 EvLAmA,

354 731 484 768 Mortis
511 732 547 767 ot
575 730 695 767 indole
724 729 894 775 nobilior,

355 784 554 821 Emeritam
584 782 643 830 (1)
672 794 778 820 sacra
806 782 910 829 virgo
936 794 1055 828 suam,

355 837 467 875 Cuius
495 837 542 873 ab
568 836 675 873 ubere
704 835 897 882 progenita
924 839 993 881 est,
1022 862 1025 864 -

357 889 512 929 Ossibus
541 889 661 934 ornat,
692 899 812 926 amore
840 888 940 926 colit.

410 942 601 980 Proximus
628 941 776 979 occiduo
806 941 864 989 (2)
893 941 997 978 locus
1024 943 1094 987 est,

355 995 425 1042 Qui
451 994 539 1033 tulit
565 995 633 1032 hoc
661 994 771 1032 decus
799 994 1001 1041 egregium,

357 1049 452 1086 Urbe
480 1049 623 1095 potens,
653 1047 798 1094 populis
825 1047 1002 1094 locuples,

356 1102 425 1139 Sed
453 1113 558 1149 mage
586 1100 767 1148 sanguine
795 1099 976 1148 martyrii,

356 1153 602 1202 Virgineoqne
629 1155 758 1201 potens
786 1153 908 1191 titulo.

411 1206 609 1245 Curriculis
636 1207 754 1244 tribus
782 1207 891 1253 atque
919 1217 1049 1244 novem

355 1261 447 1298 Tros
474 1260 612 1298 hiemes
639 1261 768 1307 quater
796 1260 854 1308 (3)
884 1259 1073 1306 attigerat,

358 1315 476 1360 Quum
502 1313 703 1360 crepitante
730 1323 821 1361 pyra
846 1312 1007 1360 trepidos

357 1367 501 1405 Terruit
527 1377 658 1413 aspera
687 1366 744 1414 (4)
774 1365 980 1411 carnifices,

358 1419 581 1467 Supplicium
610 1418 681 1457 sibi
709 1418 811 1456 dulce
838 1419 933 1455 rata.

411 1473 494 1511 Iam
522 1472 670 1510 dederat
697 1471 799 1519 prius
827 1471 1023 1518 indicium,

359 1526 520 1564 Tendere
548 1537 585 1563 se
614 1525 738 1563 Patris
766 1524 814 1561 ad
842 1524 989 1570 solium,

361 1581 438 1617 Neo
466 1590 534 1616 sua
561 1579 723 1615 membra
751 1578 874 1615 dicata
899 1579 996 1615 toro:

359 1633 449 1679 Ipsa
476 1631 676 1678 crepundia
705 1631 764 1679 (5)
794 1631 1016 1678 reppulerat,

362 1685 501 1723 Ludere
528 1683 654 1722 nescia
681 1683 838 1732 pusiola.

1188 162 1263 200 109

1220 1153 1269 1190 10

1222 1684 1272 1722 20

211 1809 256 1846 (1)
278 1808 468 1838 Emeritam.
491 1806 630 1837 Emerita
651 1806 722 1835 urbs
744 1805 912 1843 Hispaniae
934 1806 1094 1836 Vlterioris
1115 1806 1154 1836 ad
1175 1806 1273 1836 Anam

149 1851 194 1883 fl.;
218 1858 297 1879 nunc
321 1849 450 1879 Merida
465 1848 518 1877 nel
541 1847 793 1885 Guadalquivir.
818 1864 856 1868 —
872 1849 1024 1884 Ausyusta
1047 1856 1064 1876 a
1086 1847 1120 1878 C.
1137 1848 1274 1884 Augusto

150 1893 200 1922 nst
221 1891 318 1926 dieta,
342 1891 394 1926 qui
416 1899 450 1920 00
465 1890 612 1919 coloniam
630 1889 807 1919 deduxerat.
831 1889 905 1919 Cum
927 1889 1016 1918 laude
1030 1892 1216 1919 memoratur
1238 1891 1275 1919 ab

150 1934 299 1967 Avsomo,
323 1931 401 1961 Ord.
425 1931 532 1962 Nobil.
562 1931 635 1960 Urb.
659 1929 715 1959 IX.

213 1974 258 2011 (2)
276 1974 452 2011 proximus
473 1972 612 2002 occiduo.
636 1971 682 2000 Ad
703 1970 890 2000 occidentem
913 1979 1027 2003 versus,

215 2015 260 2051 (3)
286 2015 362 2044 Tres
384 2014 511 2048 hiemes,
535 2016 594 2044 etc.
620 2012 742 2042 Eulalia
763 2012 918 2041 duodecim
942 2021 1036 2041 annos
1057 2013 1140 2042 nata.

215 2055 260 2093 (4)
284 2056 418 2085 Terruit
438 2064 564 2093 aspera.
589 2053 705 2083 Transl.
731 2054 820 2083 acris.
846 2054 945 2087 tortis,
968 2054 1049 2083 flecti
1072 2054 1184 2084 nescia.

213 2096 258 2135 (5)
279 2096 469 2135 crepundia.
493 2096 519 2125 A
542 2096 703 2133 crepando,
720 2104 772 2125 seu
795 2095 952 2125 tinniendo
969 2095 1156 2126 vocabantur
1170 2097 1274 2132 sisti-2„
