1502 2610
431 196 770 224 commumonvu
798 198 833 225 v.
863 198 1112 227 LANFRANCHII
1300 201 1335 228 xi

215 323 412 373 sueverat,
430 321 707 377 propositaque
723 334 856 372 causa,
874 322 924 364 ad
945 336 1032 365 eam
1055 323 1336 366 defendendam

215 393 572 447 oppugnandamve
583 393 779 442 accedere,
793 394 895 435 vires
912 396 952 435 et
969 407 1104 436 nervos
1124 395 1337 445 intendere,

215 462 256 505 id
286 475 412 505 unum
443 476 560 517 agere
591 464 729 513 donec,
762 464 985 506 adversario
1020 467 1217 519 superato,
1255 466 1338 519 ipse

215 534 342 577 victor
357 534 587 577 discederet.
607 535 683 577 Vel
699 535 908 589 postremis
924 536 1166 590 reipublicae
1187 539 1339 590 tempo-

213 604 326 648 ribus
370 605 608 648 umbratiles
654 606 769 648 hasce
815 607 1115 650 exercitationes
1162 608 1338 662 viguisse

214 678 382 727 constat,
400 676 439 718 in
460 676 607 731 quibus
628 677 795 719 studiosi
820 691 842 715 ‹<
861 678 1197 732 quemadmodum
1220 691 1337 720 causa

213 747 372 790 inferior
400 747 563 789 dicendo
594 747 679 789 fieri
711 748 889 801 superior
930 751 1062 802 posset
1095 764 1117 789 ›>
1162 751 1338 790 testatur

215 818 390 861 Trnmvs
407 818 446 860 in
468 819 606 860 Bruto
629 818 704 873 (ll.
723 819 911 861 Extincta
930 832 1020 861 vero
1037 819 1238 869 libertate,
1257 821 1339 861 sta-

214 889 291 931 tim
322 892 411 944 post
439 890 627 932 Asinium
659 890 881 932 Pollionem
913 890 1163 932 declamandi
1205 891 1339 932 studia

213 961 299 1002 tam
321 960 436 1015 longe
455 960 614 1015 lateque
645 963 876 1015 patuerunt,
899 964 948 1003 ut
968 961 1080 1003 nulla
1101 974 1198 1016 gens
1219 961 1339 1015 paulo

213 1031 408 1073 excultior
423 1034 538 1082 esset,
556 1032 652 1086 quin
669 1032 870 1074 iuventuti
886 1033 1040 1075 scholas
1055 1031 1152 1074 bene
1169 1032 1337 1082 dicendi,

214 1102 276 1144 uti
307 1101 479 1152 aiebant,
512 1104 694 1156 aperiret.
727 1102 833 1144 Hinc
864 1103 938 1144 illa
979 1102 1338 1157 Burdigalensium

214 1173 419 1214 rhetorum
460 1173 609 1224 cohors,
641 1185 812 1228 quorum
842 1173 1000 1214 nomina
1031 1173 1211 1216 versibus
1242 1173 1339 1215 satis

214 1243 466 1298 elegantibus
495 1244 545 1285 ad
575 1246 750 1298 posteros
771 1244 1000 1298 prorogavit
1020 1244 1225 1286 Avsomvs
1246 1244 1339 1285 ΜΑ-

215 1326 339 1364 Gnvs;
370 1315 462 1357 hinc
493 1315 566 1357 illa
596 1315 788 1357 colluvies
827 1315 867 1356 in
908 1315 991 1358 dies
1030 1328 1205 1357 crescens
1243 1328 1338 1357 cau-

214 1386 429 1428 sidicorum
461 1386 501 1428 in
532 1385 683 1438 Gallia,
716 1386 756 1428 in
802 1386 953 1434 Africa,
999 1388 1040 1428 et
1079 1399 1197 1440 penes
1233 1386 1338 1440 ipsos

215 1457 440 1508 Britannos,
480 1470 577 1512 quos
618 1458 731 1500 dente
762 1457 935 1512 satyrico
976 1458 1108 1511 tangit
1143 1457 1336 1511 Aquinas.

216 1528 341 1570 Erant
369 1528 463 1570 illae
493 1528 672 1571 officinae
711 1529 943 1571 litterarum
964 1530 1005 1570 et
1030 1528 1277 1582 eloquentiae
1298 1519 1338 1569 i'n

217 1597 368 1652 primis,
390 1598 493 1640 unde
522 1599 754 1652 prodierunt
785 1599 826 1642 S.
859 1599 1142 1654 Hieronymus,
1165 1599 1339 1640 Lactan-

214 1671 309 1721 tius,
341 1671 565 1721 Salvianus,
597 1670 772 1722 Orosius,
803 1670 1068 1724 Augustinus.
1093 1669 1173 1722 Qui
1190 1671 1338 1715 tamen,

215 1741 400 1784 maximis
430 1741 598 1796 ingeniis
628 1741 814 1796 praediti,
837 1740 951 1783 annis
973 1741 1082 1783 vitae
1105 1740 1338 1782 melioribus

215 1812 265 1854 ad
294 1812 508 1854 sanctiores
538 1812 768 1866 disciplinas
798 1811 988 1863 conversi,
1022 1811 1102 1854 cito
1132 1823 1155 1852 a
1176 1810 1338 1852 menda-

213 1882 326 1926 cibus
356 1882 552 1925 coloribus
584 1882 623 1924 in
654 1882 828 1933 dicendo,
869 1883 990 1936 atque
1031 1894 1054 1923 a
1082 1881 1273 1931 flosculis,
1306 1881 1337 1922 si

215 1953 279 1995 vel
309 1953 453 1996 leviter
483 1953 739 1996 excutiantur
779 1952 930 1995 casuris
968 1951 1236 2003 abhorrentes,
1278 1964 1336 1993 so-

260 2110 312 2154 (1)
340 2108 374 2143 V.
406 2109 548 2152 Brutus,
573 2107 640 2142 sive
666 2106 708 2140 de
736 2105 855 2140 Gla-ris
883 2104 1101 2147 Oratoribus,
1129 2104 1207 2140 l'llI.
