1450 2537
185 187 261 225 214
562 196 711 224 Avannn
739 194 936 222 PRVDENTH

290 311 415 347 Habes
443 311 663 358 loquentem,
697 309 800 347 euius
829 311 1084 356 amputaveras

290 365 471 410 Linguam
487 379 494 400 :
518 364 680 410 probatis
699 363 783 400 cede
812 363 885 399 iam
904 362 1104 400 miraculis.
1124 374 1146 396 »
1163 383 1214 388 —
1233 363 1308 400 960

341 424 477 460 Horror
505 424 709 469 stupentem
738 423 998 468 persecutorem
1027 422 1138 468 subit,

288 477 478 523 Timorque
505 477 542 512 et
568 475 624 512 ira
652 476 778 522 pectus
807 475 845 512 in
874 475 1069 522 caliginem

293 530 456 566 Vertere:
488 528 619 573 nescit,
651 527 779 575 vigilet
806 539 902 565 anne
931 528 1110 566 somniet:

289 582 444 619 Miratur
471 581 640 627 haerens,
672 581 768 628 quod
796 581 846 619 sit
872 581 1006 618 ostenti
1034 593 1164 629 genus.

289 635 454 672 Formido
481 634 642 682 frangit3
674 635 795 673 armat
820 634 1042 682 indignatio.
1233 636 1308 676 965

340 695 418 731 Nec
446 693 521 731 vim
549 693 693 731 domare
720 692 855 731 mentis
882 693 1038 731 effrenae
1065 695 1200 742 potest,

290 748 366 785 Nec
395 758 464 795 quo
493 746 625 784 furoris
652 746 726 784 tela
752 747 872 784 vertat
899 746 1054 784 invenit.

289 802 474 838 Postremo
502 799 682 837 medicum
710 811 841 837 saevus
868 799 1050 837 insontem
1078 800 1178 838 iubet

288 855 404 892 Reum
431 853 559 891 citari:
592 853 838 890 nundinatum
865 853 963 891 hunc
991 854 1129 901 arguit,

288 907 450 944 Mercede
479 907 577 944 certa
603 907 734 954 pactus
761 907 804 944 ut
831 906 1061 944 conluderet:
1232 908 1308 946 970

339 968 417 1004 Aut
443 966 578 1004 ferrum
604 965 644 1003 in
672 977 732 1003 ore
760 965 814 1003 nil
841 977 959 1013 agens
986 968 1022 1003 et
1049 966 1192 1003 irritum
1221 966 1280 1017 (1)

287 1020 462 1058 Versasse
490 1018 641 1065 frustra,
672 1030 736 1057 seu
763 1019 923 1056 retunsis
951 1019 1108 1065 actibus,

286 1075 364 1111 Aut
391 1075 467 1110 arte
496 1073 655 1120 quadam
683 1071 817 1110 vulnus
845 1072 990 1109 illatum
1017 1073 1138 1119 breve,

286 1127 388 1172 Quod
416 1126 582 1163 sauciata
609 1127 712 1173 parte
740 1125 907 1172 linguam
935 1126 1107 1171 laederet,

285 1180 322 1217 N
325 1191 427 1217 ervos
447 1190 512 1217 nec
532 1190 657 1216 omnes
676 1189 935 1226 usquequaque
955 1179 1156 1216 abscideret
1185 1178 1265 1228 (2);

338 1240 485 1276 Manere
511 1238 653 1276 salvam
680 1237 779 1275 vocis
802 1238 1030 1276 harmoniam
1055 1238 1202 1285 probae,
1233 1239 1309 1276 976

286 1293 371 1330 Non
399 1303 504 1339 posse
533 1291 637 1329 inani
665 1302 824 1329 concavo
852 1292 962 1328 verba
989 1291 1155 1338 exprimi,

286 1347 383 1391 Quae
411 1356 625 1392 concrepare
653 1344 770 1392 ligula
798 1344 1017 1382 moderatrix
1048 1344 1106 1393 (3)
1137 1344 1239 1382 facit.

287 1399 390 1445 Esto,
421 1401 464 1436 ut
489 1398 641 1436 resultet
669 1397 821 1444 spiritus
849 1408 963 1435 vacuo
990 1409 1114 1444 specu,

286 1452 385 1489 Echo
413 1451 476 1489 sed
504 1452 624 1488 exstat
655 1450 713 1500 (4)
744 1451 844 1497 inde,
875 1462 948 1488 non
978 1451 1105 1502 oratio.
1232 1451 1308 1489 980

246 1594 289 1630 (1)
314 1595 381 1622 Aut
395 1594 534 1630 fem-mn,
549 1593 610 1622 etc.
627 1592 691 1621 Aut
712 1591 791 1621 ferro
813 1591 987 1627 chirurgia-0
1010 1600 1097 1620 usum
1121 1590 1214 1620 [uisse
1241 1591 1311 1620 Ari-

181 1636 320 1671 stonem,
349 1636 507 1663 anatomes
540 1634 692 1670 peritum,
718 1633 820 1662 hebeti
844 1634 876 1662 et
905 1633 1024 1669 obtuso,
1047 1632 1136 1670 plane
1165 1635 1201 1662 ut
1229 1632 1308 1661 nihil

183 1677 304 1705 omnino
326 1676 473 1709 secuerit;
499 1678 554 1704 aut
575 1675 694 1703 demum
718 1674 849 1712 paucula
881 1676 1002 1703 tantum
1035 1674 1157 1710 linguae
1186 1674 1310 1703 vincula

182 1718 387 1751 denum-asse,
413 1725 489 1753 quae
511 1717 648 1745 Romano
662 1724 719 1745 non
737 1716 852 1745 inerint
867 1716 1097 1753 impedimento,
1113 1715 1187 1752 quin
1208 1715 1311 1751 loque-

187 1762 282 1789 retur.

244 1812 287 1847 (2)
313 1811 504 1846 Abscideret,
528 1811 614 1840 codd.
645 1811 877 1846 castigatiorem
901 1810 1072 1840 CELLAmvs
1108 1809 1191 1839 haud
1226 1811 1308 1839 recte

182 1853 389 1882 abscinderet.
540 1863 544 1866 ²

245 1906 288 1941 (3]
319 1905 422 1942 Iiyula
446 1905 655 1933 moderatrix.
680 1905 751 1934 Tres
775 1904 908 1940 Vaticc„
931 1905 963 1934 et
983 1904 1145 1934 Heinsiani
1174 1903 1244 1935 duo,
1268 1919 1307 1925 —

183 1948 344 1975 (lismams
356 1949 387 1975 et
408 1946 499 1975 editt.
524 1946 683 1983 pleraeque
707 1946 833 1983 linqua.
869 1945 1010 1975 Ceterum
1044 1945 1175 1983 lin-qula
1197 1946 1252 1974 aut
1267 1945 1305 1974 li-

179 1988 260 2026 gflda
284 1989 331 2016 est
352 1996 460 2017 nomen
481 1987 666 2017 diminutum
697 1996 716 2016 a
739 1987 866 2025 linqua.

246 2041 289 2074 (4)
311 2043 436 2077 emat,-
458 2056 497 2061 —
519 2039 654 2077 plerique
686 2049 788 2070 omnes
812 2044 912 2071 excat.
937 2040 1093 2070 Wm'rzlvs
1112 2040 1179 2069 exit
1200 2041 1309 2070 contra

184 2081 269 2112 codd.
293 2082 444 2119 probam„
465 2083 498 2112 et
519 2082 631 2111 Amvn
653 2089 729 2113 Rom,
