1502 2537
382 179 491 215 ΠΕΡΙ
519 179 775 215 ΣἸῈΦΑΝΩΝ
806 187 955 214 nnmvs
983 187 1004 214 x
1178 176 1252 215 201

290 299 433 338 Dixisse
463 312 578 348 pauca
606 300 657 338 sit
683 302 790 345 satis,
822 300 864 337 do
894 299 1059 347 mysticis

237 353 395 390 Nostrae
423 354 569 398 salutis,
601 353 713 401 dequo
742 364 910 400 processu
940 352 1016 399 spei
1047 352 1122 401 (1).

237 406 318 443 Iam
347 406 420 443 iam
448 406 584 444 silebo:
617 406 815 454 margarita
845 417 1014 452 spargere

237 458 372 497 Christi
401 462 566 496 vetamur
595 459 689 496 inter
716 459 923 496 iunnundns
952 470 1048 497 sues,

236 511 433 549 Lntulenta
462 515 631 549 sanctum
660 523 704 549 ne
732 514 855 548 terant
883 511 1073 548 annualia.
1181 513 1256 544 αὖε)

289 564 372 610 Sed,
403 565 489 612 quia
517 565 697 612 profunda
726 576 798 601 non
829 564 914 601 licet
942 563 1113 600 luctaris-1·

237 617 392 655 Ratione
419 621 552 663 tecum,
583 617 816 655 consulamus
845 617 1019 664 proxima.

237 669 487 718 Interrogetur
515 671 592 717 ipsa
623 670 846 707 naturalium

237 722 395 770 Simplex
423 723 501 760 sine
529 729 607 760 arte
636 734 808 760 sensuum
837 722 1041 760 senti-ntia:

238 775 326 812 Fuci
355 775 544 822 imperitus
573 775 629 812 fac
658 778 698 812 ut
725 775 823 812 adsit
851 775 998 812 arbiter.
1180 776 1254 809 «355

292 829 347 865 Da
362 831 595 875 septuennem
615 827 756 865 circiter
775 839 923 874 puerum
942 828 1017 875 (2),
1035 828 1099 864 aut
1115 827 1252 872 minus,

236 881 305 926 Qui
334 881 382 918 sit
410 880 544 918 favoris
572 881 678 925 liber,
708 883 744 917 et
772 891 844 918 uon
873 881 989 917 oderit

236 934 474 980 Quemquam,
505 944 570 970 nec
598 933 714 970 ullum
742 933 875 971 mentis
904 933 942 970 in
970 933 1099 970 vitium
1128 933 1252 970 cadat.

238 986 502 1030 Pericliteinur,
534 986 622 1033 quid
649 997 775 1023 recens
803 986 964 1023 infantia

237 1038 346 1076 Dicat
363 1038 599 1086 sequendum,
622 1039 710 1086 quid
730 1050 846 1076 novus
865 1039 986 1085 sapiat
1005 1038 1120 1084 vigor.
1154 1052 1174 1071 »
1208 1059 1254 1066 —

290 1092 398 1129 Hanc
424 1091 486 1128 ille
513 1091 634 1129 sancti
661 1091 833 1139 martyris
860 1102 981 1128 vocem
1010 1091 1127 1128 libens
1179 1091 1251 1127 661

236 1143 451 1192 Amplexus,
482 1155 595 1182 unum
623 1145 666 1181 de
694 1147 841 1182 caterva
870 1144 1065 1181 infantium

178 1209 185 1215 ·
237 1197 411 1243 Parvum,
442 1208 508 1234 nec
536 1197 621 1234 olim
648 1197 742 1234 lacte
769 1197 973 1244 depulsum,
1004 1197 1100 1243 capi,

237 1250 462 1297 captumque
489 1250 616 1288 adesse
644 1249 832 1297 piaecipit.
855 1271 906 1278 —-
927 1264 949 1284 <e
970 1249 1121 1296 Quidvis
1150 1260 1252 1293 roga,

235 1302 380 1350 Inquit,
410 1314 604 1351 sequamur
623 1303 718 1350 quod
738 1303 900 1362 probarit
918 1302 1079 1350 pusio.»
1100 1323 1150 1329 —-
1179 1303 1250 1339 665
1246 1317 1254 1335 ›

288 1356 468 1393 Romnvs
494 1357 626 1393 ardens
654 1355 807 1402 experiii
834 1355 1020 1393 innoxiam

237 1408 424 1446 Lamentis
451 1408 524 1446 oris
553 1408 732 1446 indolem:
763 1429 814 1435 -—
844 1422 866 1443 ‹<
895 1408 1019 1453 filiole,
1051 1408 1118 1452 ait,

238 1461 306 1498 Dic
334 1461 421 1508 quid
448 1461 590 1498 videtur
618 1472 695 1498 esse
724 1473 847 1498 verum
876 1463 912 1498 et
938 1472 1158 1508 congruens,

237 1513 361 1551 Unum
388 1525 433 1551 ne
453 1513 638 1552 Christum
657 1513 785 1559 colere,
807 1516 843 1551 et
861 1514 900 1551 in
920 1514 1063 1551 Christo
1093 1514 1253 1558 Patrem,

237 1568 298 1604 An
326 1566 545 1613 comprecari
572 1566 670 1604 mille
699 1566 895 1603 formarum
923 1566 1037 1604 deos?
1057 1579 1079 1600 ›>
1099 1587 1151 1592 —
1179 1567 1255 1604 670

289 1618 433 1657 Adrisit
459 1619 599 1665 infans,
630 1630 694 1656 nec
724 1622 884 1656 moratus
912 1619 1057 1656 retulit:
1082 1632 1103 1653 »
1124 1640 1174 1646 —-

236 1671 305 1709 Est
331 1671 508 1719 quidquid
536 1672 641 1717 illud,
664 1673 759 1719 quod
778 1672 901 1709 ferunt
929 1671 1094 1710 homiues
1122 1672 1253 1718 Deum,

238 1724 360 1762 Unum
387 1736 464 1762 esse
492 1727 644 1771 oportet,
675 1726 713 1762 et
739 1725 835 1772 quod
862 1724 942 1771 uni,
964 1726 1020 1762 est
1038 1724 1199 1762 unicum.

236 1777 353 1822 Quum
382 1777 551 1815 Christus
572 1777 638 1814 hoc
666 1777 729 1822 sit,
753 1777 921 1815 Christus
939 1779 995 1815 est
1011 1789 1118 1814 verus
1138 1778 1251 1815 Deus.

236 1830 378 1868 Genera
393 1830 538 1867 deorum
555 1829 670 1867 multa
686 1841 750 1867 nee
765 1830 867 1877 pueri
882 1831 1025 1877 putant.
1048 1843 1070 1864 »
1091 1852 1134 1857 —
1180 1830 1254 1868 675

193 1940 236 1977 (1)
257 1939 326 1978 deq.
344 1948 494 1978 processu
516 1940 596 1977 spei,
621 1947 678 1975 quo
699 1939 764 1968 scil.
788 1947 856 1976 spes
878 1940 984 1968 nostra
1006 1938 1127 1969 tendat.

195 1981 242 2019 (2)
261 1984 464 2019 septuennem
483 1990 635 2018 puer-um.
653 1980 698 2009 Ex
715 1980 801 2009 Actis
822 1981 855 2010 ot
879 1980 1104 2017 martyrologiis
1120 1980 1255 2009 eruimus

132 2021 211 2052 hunc
232 2023 401 2052 animosum
422 2030 547 2059 puerum
570 2021 732 2050 Bar-ulam
750 2021 840 2050 fuisse
858 2023 995 2050 voratum
1013 2022 1144 2052 nomine.
1163 2022 1254 2050 Atta-

132 2071 199 2093 men
210 2064 372 2134 llfmffiivs
385 2071 438 2092 nos
453 2063 541 2092 docet
556 2062 587 2091 in
605 2063 742 2093 Breviar.
769 2062 912 2092 Toletano
939 2062 1138 2092 Theodulum
1162 2063 1254 2092 fuisse

133 2113 208 2142 appe
232 2113 251 2134 a
322 2127 329 2135 .
