1450 2537
222 112 311 138 XVIII
454 112 500 138 DE
528 111 732 138 I'RVDENTIO
761 104 913 142 EIVSQVE
945 109 1118 135 OPERIBVS

276 236 323 277 In
356 235 566 277 Prudentii
596 235 771 276 carmine
803 233 926 275 inulti
948 232 1128 286 doctrina
1148 233 1343 287 praestati

221 306 292 347 viri
324 306 504 360 qualibet
524 307 655 348 aetate
678 305 858 346 animum
880 303 1108 346 adiunxere.
1131 303 1209 346 Eos
1231 317 1346 358 prae-

219 377 354 430 cipuos
385 390 493 419 nosse
524 376 672 425 licebit,
706 375 942 429 praesertim
973 388 1099 429 quum
1121 374 1161 416 in
1181 374 1347 418 adnota-
1388 371 1390 375 ’

220 448 413 489 tiuuculis
444 447 606 489 editioni
638 448 793 487 nostrae
815 445 1008 499 adpositis
1029 458 1167 487 eorum
1188 445 1348 489 nomina

219 519 258 559 et
275 517 560 559 auctoritatem
576 517 616 557 iu
639 516 818 558 medium
847 516 1019 570 proferre
1046 515 1258 558 habuerim
1279 529 1347 559 ne-

218 601 336 630 cesse.
379 587 427 629 In
468 587 530 628 his
573 587 749 628 Ioiiers
802 586 1017 628 erzws
1057 587 1098 628 et
1138 585 1347 630 Nmomvs

219 658 418 700 HEINsws
449 658 599 711 primas
621 657 822 706 obtinent3
841 657 910 711 qui
931 657 1154 699 incredibili
1175 657 1347 712 diligen-

219 729 276 770 tia
307 729 368 771 usi
400 729 439 769 iu
470 728 717 770 restituenda
749 729 885 782 poetae
924 727 1092 784 lectione
1133 728 1183 769 ad
1223 727 1344 770 fidem

218 799 398 841 codicum
431 799 792 852 manuscriptorum
814 798 962 839 miram
983 798 1116 840 lucem
1138 798 1174 840 ei
1194 798 1346 841 attule-

218 872 324 912 runt.
343 870 577 912 Istiusmodi
594 869 816 923 philologos
835 870 920 923 quis
939 869 1038 911 forte
1054 869 1346 923 comparaverit

218 954 264 983 ex
283 940 567 982 vetustioribus
584 939 736 982 Crateti
753 940 815 981 illi
837 940 1013 989 Mallon,
1035 939 1259 981 Aristarchi
1277 952 1345 982 ae-

218 1012 342 1066 quali,
366 1013 437 1053 aut
457 1010 499 1053 C.
530 1011 694 1053 Octavio
724 1010 988 1064 Lampadioni
1019 1011 1059 1051 et
1081 1010 1129 1062 Q.
1157 1010 1346 1064 Vargun-

219 1082 309 1133 teio,
334 1082 478 1136 quibus
500 1081 707 1135 magistris
727 1081 900 1124 Romani
917 1081 980 1123 usi
1003 1082 1188 1123 accurate
1209 1094 1346 1124 musas

218 1153 416 1194 romuleas
446 1153 674 1203 retractare7
708 1154 828 1206 atque
867 1152 1033 1206 legendo
1072 1153 1345 1194 commentan-

218 1222 345 1276 doque
378 1222 468 1264 aliis
500 1222 623 1264 etiam
655 1222 806 1263 notiora
837 1223 964 1264 facere
996 1221 1231 1264 didicerunt.
1254 1222 1345 1265 Nisi

218 1292 317 1334 forte
349 1304 412 1334 eos
444 1292 588 1335 dixeris
620 1292 842 1346 persimiles
873 1292 1138 1334 recentiorum
1168 1292 1345 1334 Manutii

218 1363 423 1413 Politiani,
456 1363 610 1405 Mureti
641 1363 908 1418 aliorumque,
951 1363 1096 1417 quibus
1139 1365 1343 1418 acceptam

217 1433 426 1475 referimus
456 1434 712 1476 classicorum
743 1435 1017 1476 Romanorum
1047 1435 1182 1476 tutam
1212 1435 1345 1488 magis

217 1503 533 1558 frugiferamque
578 1505 810 1547 lectionem.
858 1506 913 1547 Et
965 1505 1130 1547 Ioannes
1181 1506 1345 1559 quidem

218 1574 416 1617 Weitzius
448 1575 499 1616 ad
530 1588 673 1617 manus
704 1576 932 1618 innumeros
953 1576 1105 1618 codices
1125 1575 1282 1627 habuit,
1304 1576 1346 1617 in

217 1645 363 1698 quibus
374 1645 654 1696 Widmanum,
671 1646 1004 1700 Bongarsianum,
1021 1647 1344 1701 Egmondanum,

216 1715 556 1767 Hessbronensem,
579 1716 835 1767 Fuklensem,
858 1716 1182 1768 Goldastianum,
1203 1717 1344 1759 Erfur-

216 1786 382 1837 tensem,
415 1789 535 1840 atque
566 1800 693 1828 unum
724 1800 744 1829 e
775 1787 985 1830 Palatinis.
1008 1788 1119 1829 Inter
1139 1800 1236 1842 quos
1257 1800 1344 1829 ma-

217 1856 285 1911 gni
301 1856 525 1898 faciendum
542 1870 624 1899 esse
636 1858 940 1912 Egmondanum
951 1859 1011 1900 ait
1020 1858 1058 1900 N
1061 1858 1210 1900 icolaus
1222 1858 1344 1900 Hein-

217 1926 312 1977 sius⁷
330 1926 399 1980 qui
420 1939 460 1968 se
481 1928 614 1968 totum
632 1928 848 1970 excussisse
868 1928 1079 1982 profitetur
1095 1941 1220 1982 quum
1238 1927 1344 1969 Pru-

217 1996 342 2038 dentii
373 1997 536 2039 editioni
566 1997 828 2050 incumberet,
861 2011 978 2053 quam
1008 1997 1259 2052 pubblicavit
1279 2011 1342 2039 an.
