<?xml version="1.0" encoding="UTF-8"?>
<!DOCTYPE html PUBLIC "-//W3C//DTD XHTML 1.0 Transitional//EN"
    "http://www.w3.org/TR/xhtml1/DTD/xhtml1-transitional.dtd">
<html xmlns="http://www.w3.org/1999/xhtml" xml:lang="en" lang="en">
 <head>
  <title>
</title>
<meta http-equiv="Content-Type" content="text/html;charset=utf-8" />
  <meta name='ocr-system' content='tesseract 3.04.00' />
  <meta name='ocr-capabilities' content='ocr_page ocr_carea ocr_par ocr_line ocrx_word'/>
</head>
<body>
  <div class='ocr_page' id='page_1' title='image "./operapru01pruduoft_0208.png"; bbox 0 0 1450 2537; ppageno 0'>
   <div class='ocr_carea' id='block_1_1' title="bbox 1204 0 1450 110">
    <p class='ocr_par' dir='ltr' id='par_1_1' title="bbox 1204 0 1450 110">
     <span class='ocr_line' id='line_1_1' title="bbox 1204 0 1450 110; baseline 0 2427"><span class='ocrx_word' id='word_1_1' title='bbox 1204 0 1450 110; x_wconf 95' lang='lat' dir='ltr'> </span> 
     </span>
    </p>
   </div>
   <div class='ocr_carea' id='block_1_2' title="bbox 179 154 928 193">
    <p class='ocr_par' dir='ltr' id='par_1_2' title="bbox 179 154 928 193">
     <span class='ocr_line' id='line_1_2' title="bbox 179 154 928 193; baseline -0.007 0"><span class='ocrx_word' id='word_1_2' title='bbox 179 154 253 193; x_wconf 88' lang='grc'>166</span> <span class='ocrx_word' id='word_1_3' title='bbox 554 164 703 192; x_wconf 71' lang='lat' dir='ltr'>Avnnm</span> <span class='ocrx_word' id='word_1_4' title='bbox 731 162 928 190; x_wconf 72' lang='lat' dir='ltr'>annenm</span> 
     </span>
    </p>
   </div>
   <div class='ocr_carea' id='block_1_3' title="bbox 177 276 1259 380">
    <p class='ocr_par' dir='ltr' id='par_1_3' title="bbox 177 276 1259 380">
     <span class='ocr_line' id='line_1_3' title="bbox 177 276 1033 326; baseline -0.002 -10"><span class='ocrx_word' id='word_1_5' title='bbox 177 281 198 317; x_wconf 87' lang='lat' dir='ltr'>I</span> <span class='ocrx_word' id='word_1_6' title='bbox 202 279 367 317; x_wconf 86' lang='lat' dir='ltr'>nnumeri</span> <span class='ocrx_word' id='word_1_7' title='bbox 392 279 526 317; x_wconf 86' lang='lat' dir='ltr'>circum</span> <span class='ocrx_word' id='word_1_8' title='bbox 554 278 671 326; x_wconf 88' lang='lat' dir='ltr'>pueri,</span> <span class='ocrx_word' id='word_1_9' title='bbox 701 277 907 315; x_wconf 75' lang='lat' dir='ltr'>miserabile</span> <span class='ocrx_word' id='word_1_10' title='bbox 932 276 1033 314; x_wconf 80' lang='lat' dir='ltr'>visu!</span> 
     </span>
     <span class='ocr_line' id='line_1_4' title="bbox 231 330 1259 380; baseline -0.003 -9"><span class='ocrx_word' id='word_1_11' title='bbox 231 332 406 371; x_wconf 77' lang='lat' dir='ltr'>Confossa</span> <span class='ocrx_word' id='word_1_12' title='bbox 435 332 493 380; x_wconf 89' lang='lat'>(1)</span> <span class='ocrx_word' id='word_1_13' title='bbox 522 332 646 379; x_wconf 84' lang='lat' dir='ltr'>parvis</span> <span class='ocrx_word' id='word_1_14' title='bbox 673 331 835 368; x_wconf 84' lang='lat' dir='ltr'>membra</span> <span class='ocrx_word' id='word_1_15' title='bbox 862 330 1027 379; x_wconf 87' lang='lat' dir='ltr'>figebant</span> <span class='ocrx_word' id='word_1_16' title='bbox 1053 330 1176 376; x_wconf 77' lang='lat' dir='ltr'>stilis3</span> <span class='ocrx_word' id='word_1_17' title='bbox 1201 330 1259 378; x_wconf 79' lang='lat'>(2)</span> 
     </span>
    </p>
   </div>
   <div class='ocr_carea' id='block_1_4' title="bbox 175 383 1297 537">
    <p class='ocr_par' dir='ltr' id='par_1_4' title="bbox 175 383 1297 537">
     <span class='ocr_line' id='line_1_5' title="bbox 177 383 1297 432; baseline -0.003 -9"><span class='ocrx_word' id='word_1_18' title='bbox 177 385 296 431; x_wconf 90' lang='lat' dir='ltr'>Unde,</span> <span class='ocrx_word' id='word_1_19' title='bbox 326 385 526 432; x_wconf 71' lang='lat' dir='ltr'>pugillares</span> <span class='ocrx_word' id='word_1_20' title='bbox 554 383 651 422; x_wconf 89' lang='lat' dir='ltr'>soliti</span> <span class='ocrx_word' id='word_1_21' title='bbox 678 395 883 431; x_wconf 89' lang='lat' dir='ltr'>percurrere</span> <span class='ocrx_word' id='word_1_22' title='bbox 911 395 1026 429; x_wconf 85' lang='lat' dir='ltr'>ceras,</span> <span class='ocrx_word' id='word_1_23' title='bbox 1251 384 1297 420; x_wconf 79' lang='lat'>15</span> 
     </span>
     <span class='ocr_line' id='line_1_6' title="bbox 229 436 1098 483; baseline -0.003 -7"><span class='ocrx_word' id='word_1_24' title='bbox 229 438 397 476; x_wconf 88' lang='lat' dir='ltr'>Scholare</span> <span class='ocrx_word' id='word_1_25' title='bbox 426 449 588 475; x_wconf 86' lang='lat' dir='ltr'>murmur</span> <span class='ocrx_word' id='word_1_26' title='bbox 616 437 834 474; x_wconf 85' lang='lat' dir='ltr'>adnotantes</span> <span class='ocrx_word' id='word_1_27' title='bbox 862 436 1098 483; x_wconf 77' lang='lat' dir='ltr'>scripserant.</span> 
     </span>
     <span class='ocr_line' id='line_1_7' title="bbox 175 489 1297 537; baseline -0.004 -7"><span class='ocrx_word' id='word_1_28' title='bbox 175 492 356 531; x_wconf 74' lang='lat' dir='ltr'>Aedituus</span> <span class='ocrx_word' id='word_1_29' title='bbox 384 491 572 528; x_wconf 88' lang='lat' dir='ltr'>consultus</span> <span class='ocrx_word' id='word_1_30' title='bbox 601 490 671 527; x_wconf 87' lang='lat' dir='ltr'>ait:</span> <span class='ocrx_word' id='word_1_31' title='bbox 705 512 756 517; x_wconf 96' lang='lat'><strong>—</strong></span> <span class='ocrx_word' id='word_1_32' title='bbox 777 503 800 525; x_wconf 89' lang='lat'>«</span> <span class='ocrx_word' id='word_1_33' title='bbox 818 490 916 537; x_wconf 88' lang='lat' dir='ltr'>quod</span> <span class='ocrx_word' id='word_1_34' title='bbox 934 489 1127 537; x_wconf 78' lang='lat' dir='ltr'>prospicis,</span> <span class='ocrx_word' id='word_1_35' title='bbox 1150 489 1297 537; x_wconf 78' lang='lat' dir='ltr'>hospes,</span> 
     </span>
    </p>
   </div>
   <div class='ocr_carea' id='block_1_5' title="bbox 173 542 1299 1016">
    <p class='ocr_par' dir='ltr' id='par_1_5' title="bbox 173 542 1299 1016">
     <span class='ocr_line' id='line_1_8' title="bbox 229 542 944 582; baseline -0.001 -1"><span class='ocrx_word' id='word_1_36' title='bbox 229 545 313 582; x_wconf 89' lang='lat' dir='ltr'>Non</span> <span class='ocrx_word' id='word_1_37' title='bbox 342 546 397 581; x_wconf 82' lang='lat' dir='ltr'>cst</span> <span class='ocrx_word' id='word_1_38' title='bbox 424 544 547 580; x_wconf 86' lang='lat' dir='ltr'>inanis</span> <span class='ocrx_word' id='word_1_39' title='bbox 575 544 640 580; x_wconf 87' lang='lat' dir='ltr'>aut</span> <span class='ocrx_word' id='word_1_40' title='bbox 666 543 777 581; x_wconf 83' lang='lat' dir='ltr'>anilis</span> <span class='ocrx_word' id='word_1_41' title='bbox 805 542 944 580; x_wconf 83' lang='lat' dir='ltr'>sabula.</span> 
     </span>
     <span class='ocr_line' id='line_1_9' title="bbox 176 595 1130 644; baseline -0.002 -9"><span class='ocrx_word' id='word_1_42' title='bbox 176 597 379 635; x_wconf 77' lang='lat' dir='ltr'>Historiam</span> <span class='ocrx_word' id='word_1_43' title='bbox 405 597 547 644; x_wconf 78' lang='lat' dir='ltr'>pictura</span> <span class='ocrx_word' id='word_1_44' title='bbox 573 595 698 642; x_wconf 86' lang='lat' dir='ltr'>refert,</span> <span class='ocrx_word' id='word_1_45' title='bbox 729 608 820 643; x_wconf 88' lang='lat' dir='ltr'>quae</span> <span class='ocrx_word' id='word_1_46' title='bbox 847 596 984 633; x_wconf 86' lang='lat' dir='ltr'>tradita</span> <span class='ocrx_word' id='word_1_47' title='bbox 1011 595 1130 642; x_wconf 86' lang='lat' dir='ltr'>libris,</span> 
     </span>
     <span class='ocr_line' id='line_1_10' title="bbox 229 649 1299 696; baseline -0.002 -9"><span class='ocrx_word' id='word_1_48' title='bbox 229 651 361 687; x_wconf 81' lang='lat' dir='ltr'>Veram</span> <span class='ocrx_word' id='word_1_49' title='bbox 390 650 524 687; x_wconf 74' lang='lat' dir='ltr'>vetusti</span> <span class='ocrx_word' id='word_1_50' title='bbox 551 649 722 696; x_wconf 89' lang='lat' dir='ltr'>temporis</span> <span class='ocrx_word' id='word_1_51' title='bbox 750 650 931 687; x_wconf 84' lang='lat' dir='ltr'>monstrat</span> <span class='ocrx_word' id='word_1_52' title='bbox 959 649 1080 686; x_wconf 85' lang='lat' dir='ltr'>fidem.</span> <span class='ocrx_word' id='word_1_53' title='bbox 1250 649 1299 688; x_wconf 81' lang='lat'>20</span> 
     </span>
     <span class='ocr_line' id='line_1_11' title="bbox 176 702 1142 750; baseline -0.002 -10"><span class='ocrx_word' id='word_1_54' title='bbox 176 703 391 740; x_wconf 83' lang='lat' dir='ltr'>Pracfuerat</span> <span class='ocrx_word' id='word_1_55' title='bbox 420 702 550 740; x_wconf 84' lang='lat' dir='ltr'>studiis</span> <span class='ocrx_word' id='word_1_56' title='bbox 578 702 794 749; x_wconf 81' lang='lat' dir='ltr'>puerilibus,</span> <span class='ocrx_word' id='word_1_57' title='bbox 825 704 861 739; x_wconf 82' lang='lat' dir='ltr'>et</span> <span class='ocrx_word' id='word_1_58' title='bbox 889 714 998 750; x_wconf 79' lang='lat' dir='ltr'>grege</span> <span class='ocrx_word' id='word_1_59' title='bbox 1028 702 1142 740; x_wconf 80' lang='lat' dir='ltr'>inulto</span> 
     </span>
     <span class='ocr_line' id='line_1_12' title="bbox 228 755 1033 803; baseline -0.001 -10"><span class='ocrx_word' id='word_1_60' title='bbox 228 758 395 803; x_wconf 84' lang='lat' dir='ltr'>Saeptus,</span> <span class='ocrx_word' id='word_1_61' title='bbox 427 756 602 802; x_wconf 80' lang='lat' dir='ltr'>magister</span> <span class='ocrx_word' id='word_1_62' title='bbox 629 755 834 793; x_wconf 84' lang='lat' dir='ltr'>litterarum</span> <span class='ocrx_word' id='word_1_63' title='bbox 863 756 1033 792; x_wconf 80' lang='lat' dir='ltr'>sederat:</span> 
     </span>
     <span class='ocr_line' id='line_1_13' title="bbox 175 807 1296 856; baseline -0.003 -9"><span class='ocrx_word' id='word_1_64' title='bbox 175 809 297 848; x_wconf 80' lang='lat' dir='ltr'>Verba</span> <span class='ocrx_word' id='word_1_65' title='bbox 315 810 413 846; x_wconf 88' lang='lat' dir='ltr'>notis</span> <span class='ocrx_word' id='word_1_66' title='bbox 432 809 602 846; x_wconf 70' lang='lat' dir='ltr'>brevibus</span> <span class='ocrx_word' id='word_1_67' title='bbox 623 808 681 856; x_wconf 87' lang='lat'>(3)</span> <span class='ocrx_word' id='word_1_68' title='bbox 711 809 963 856; x_wconf 70' lang='lat' dir='ltr'>comprendere</span> <span class='ocrx_word' id='word_1_69' title='bbox 992 810 1124 846; x_wconf 84' lang='lat' dir='ltr'>cuncta</span> <span class='ocrx_word' id='word_1_70' title='bbox 1143 807 1296 854; x_wconf 80' lang='lat' dir='ltr'>peritus,</span> 
     </span>
     <span class='ocr_line' id='line_1_14' title="bbox 227 861 1154 909; baseline -0.001 -10"><span class='ocrx_word' id='word_1_71' title='bbox 227 863 447 909; x_wconf 79' lang='lat' dir='ltr'>Raptimque</span> <span class='ocrx_word' id='word_1_72' title='bbox 476 861 623 909; x_wconf 88' lang='lat' dir='ltr'>punctis</span> <span class='ocrx_word' id='word_1_73' title='bbox 650 862 749 898; x_wconf 83' lang='lat' dir='ltr'>dicta</span> <span class='ocrx_word' id='word_1_74' title='bbox 776 861 1009 909; x_wconf 76' lang='lat' dir='ltr'>praepetibus</span> <span class='ocrx_word' id='word_1_75' title='bbox 1038 861 1154 908; x_wconf 87' lang='lat' dir='ltr'>sequi.</span> 
     </span>
     <span class='ocr_line' id='line_1_15' title="bbox 173 913 1298 962; baseline -0.002 -9"><span class='ocrx_word' id='word_1_76' title='bbox 173 916 315 962; x_wconf 77' lang='lat' dir='ltr'>Aspera</span> <span class='ocrx_word' id='word_1_77' title='bbox 343 926 619 962; x_wconf 80' lang='lat' dir='ltr'>nonnumquam</span> <span class='ocrx_word' id='word_1_78' title='bbox 645 916 838 962; x_wconf 85' lang='lat' dir='ltr'>praecepta</span> <span class='ocrx_word' id='word_1_79' title='bbox 865 916 901 951; x_wconf 88' lang='lat' dir='ltr'>et</span> <span class='ocrx_word' id='word_1_80' title='bbox 927 914 1049 952; x_wconf 86' lang='lat' dir='ltr'>tristia</span> <span class='ocrx_word' id='word_1_81' title='bbox 1068 915 1147 952; x_wconf 83' lang='lat' dir='ltr'>visa</span> <span class='ocrx_word' id='word_1_82' title='bbox 1169 913 1228 962; x_wconf 84' lang='lat'>(4)</span> <span class='ocrx_word' id='word_1_83' title='bbox 1250 914 1298 950; x_wconf 84' lang='lat'>25</span> 
     </span>
     <span class='ocr_line' id='line_1_16' title="bbox 226 968 1041 1016; baseline -0.001 -10"><span class='ocrx_word' id='word_1_84' title='bbox 226 970 379 1016; x_wconf 88' lang='lat' dir='ltr'>Impube</span> <span class='ocrx_word' id='word_1_85' title='bbox 407 968 541 1016; x_wconf 82' lang='lat' dir='ltr'>vulgus</span> <span class='ocrx_word' id='word_1_86' title='bbox 569 970 759 1006; x_wconf 85' lang='lat' dir='ltr'>moverant</span> <span class='ocrx_word' id='word_1_87' title='bbox 785 968 839 1005; x_wconf 87' lang='lat' dir='ltr'>ira</span> <span class='ocrx_word' id='word_1_88' title='bbox 867 969 903 1005; x_wconf 84' lang='lat' dir='ltr'>et</span> <span class='ocrx_word' id='word_1_89' title='bbox 930 970 1041 1005; x_wconf 90' lang='lat' dir='ltr'>metu.</span> 
     </span>
    </p>
   </div>
   <div class='ocr_carea' id='block_1_6' title="bbox 172 1091 1302 1583">
    <p class='ocr_par' dir='ltr' id='par_1_6' title="bbox 172 1091 1299 1212">
     <span class='ocr_line' id='line_1_17' title="bbox 236 1091 1299 1130; baseline -0.003 -8"><span class='ocrx_word' id='word_1_90' title='bbox 236 1093 281 1129; x_wconf 84' lang='lat'>(1)</span> <span class='ocrx_word' id='word_1_91' title='bbox 303 1093 458 1130; x_wconf 81' lang='lat' dir='ltr'>confossa.</span> <span class='ocrx_word' id='word_1_92' title='bbox 482 1091 518 1121; x_wconf 90' lang='lat' dir='ltr'>In</span> <span class='ocrx_word' id='word_1_93' title='bbox 542 1091 694 1121; x_wconf 85' lang='lat' dir='ltr'>nonnullis</span> <span class='ocrx_word' id='word_1_94' title='bbox 727 1092 813 1122; x_wconf 87' lang='lat' dir='ltr'>codd.</span> <span class='ocrx_word' id='word_1_95' title='bbox 836 1101 992 1126; x_wconf 77' lang='lat' dir='ltr'>concessa,</span> <span class='ocrx_word' id='word_1_96' title='bbox 1017 1100 1094 1127; x_wconf 87' lang='lat' dir='ltr'>quae</span> <span class='ocrx_word' id='word_1_97' title='bbox 1115 1091 1206 1120; x_wconf 78' lang='lat' dir='ltr'>lectio</span> <span class='ocrx_word' id='word_1_98' title='bbox 1228 1099 1299 1120; x_wconf 90' lang='lat' dir='ltr'>neu-</span> 
     </span>
     <span class='ocr_line' id='line_1_18' title="bbox 172 1133 1299 1171; baseline -0.003 -7"><span class='ocrx_word' id='word_1_99' title='bbox 172 1135 293 1171; x_wconf 86' lang='lat' dir='ltr'>tiquam</span> <span class='ocrx_word' id='word_1_100' title='bbox 315 1133 567 1170; x_wconf 74' lang='lat' dir='ltr'>improbaverim:</span> <span class='ocrx_word' id='word_1_101' title='bbox 596 1134 720 1170; x_wconf 81' lang='lat' dir='ltr'>pictura</span> <span class='ocrx_word' id='word_1_102' title='bbox 741 1134 821 1163; x_wconf 88' lang='lat' dir='ltr'>enim</span> <span class='ocrx_word' id='word_1_103' title='bbox 844 1133 997 1163; x_wconf 85' lang='lat' dir='ltr'>hominem</span> <span class='ocrx_word' id='word_1_104' title='bbox 1020 1133 1172 1162; x_wconf 80' lang='lat' dir='ltr'>relercbat</span> <span class='ocrx_word' id='word_1_105' title='bbox 1194 1141 1299 1169; x_wconf 87' lang='lat' dir='ltr'>puero-</span> 
     </span>
     <span class='ocr_line' id='line_1_19' title="bbox 172 1175 638 1212; baseline -0.002 -6"><span class='ocrx_word' id='word_1_106' title='bbox 172 1186 239 1206; x_wconf 88' lang='lat' dir='ltr'>rum</span> <span class='ocrx_word' id='word_1_107' title='bbox 262 1175 411 1212; x_wconf 72' lang='lat' dir='ltr'>potestati</span> <span class='ocrx_word' id='word_1_108' title='bbox 432 1175 638 1205; x_wconf 87' lang='lat' dir='ltr'>commissum.</span> 
     </span>
    </p>

    <p class='ocr_par' dir='ltr' id='par_1_7' title="bbox 172 1215 1300 1378">
     <span class='ocr_line' id='line_1_20' title="bbox 236 1215 1299 1254; baseline -0.002 -9"><span class='ocrx_word' id='word_1_109' title='bbox 236 1218 280 1254; x_wconf 72' lang='lat'>(2)</span> <span class='ocrx_word' id='word_1_110' title='bbox 303 1217 434 1246; x_wconf 70' lang='lat' dir='ltr'>Stilis...</span> <span class='ocrx_word' id='word_1_111' title='bbox 465 1216 552 1246; x_wconf 80' lang='lat' dir='ltr'>Unde</span> <span class='ocrx_word' id='word_1_112' title='bbox 567 1216 764 1254; x_wconf 67' lang='lat' dir='ltr'>puqillccres.</span> <span class='ocrx_word' id='word_1_113' title='bbox 788 1216 910 1245; x_wconf 83' lang='lat' dir='ltr'>Peritus</span> <span class='ocrx_word' id='word_1_114' title='bbox 932 1217 1110 1253; x_wconf 63' lang='lat' dir='ltr'>prae&#39;eptor</span> <span class='ocrx_word' id='word_1_115' title='bbox 1131 1215 1205 1251; x_wconf 86' lang='lat' dir='ltr'>quid</span> <span class='ocrx_word' id='word_1_116' title='bbox 1231 1223 1299 1251; x_wconf 86' lang='lat' dir='ltr'>gra-</span> 
     </span>
     <span class='ocr_line' id='line_1_21' title="bbox 173 1257 1298 1297; baseline -0.002 -10"><span class='ocrx_word' id='word_1_117' title='bbox 173 1259 277 1297; x_wconf 84' lang='lat' dir='ltr'>phium</span> <span class='ocrx_word' id='word_1_118' title='bbox 290 1281 297 1292; x_wconf 72' lang='lat'>,</span> <span class='ocrx_word' id='word_1_119' title='bbox 336 1258 409 1294; x_wconf 81' lang='lat' dir='ltr'>quid</span> <span class='ocrx_word' id='word_1_120' title='bbox 443 1258 608 1295; x_wconf 81' lang='lat' dir='ltr'>pugillares</span> <span class='ocrx_word' id='word_1_121' title='bbox 643 1260 675 1287; x_wconf 89' lang='lat' dir='ltr'>et</span> <span class='ocrx_word' id='word_1_122' title='bbox 710 1258 842 1287; x_wconf 88' lang='lat' dir='ltr'>tabellae</span> <span class='ocrx_word' id='word_1_123' title='bbox 867 1258 942 1292; x_wconf 82' lang='lat' dir='ltr'>sint,</span> <span class='ocrx_word' id='word_1_124' title='bbox 968 1258 1077 1293; x_wconf 85' lang='lat' dir='ltr'>quibus</span> <span class='ocrx_word' id='word_1_125' title='bbox 1113 1258 1231 1286; x_wconf 74' lang='lat' dir='ltr'>veteres</span> <span class='ocrx_word' id='word_1_126' title='bbox 1267 1257 1298 1285; x_wconf 90' lang='lat' dir='ltr'>in</span> 
     </span>
     <span class='ocr_line' id='line_1_22' title="bbox 172 1297 1300 1336; baseline -0.003 -7"><span class='ocrx_word' id='word_1_127' title='bbox 172 1299 330 1329; x_wconf 78' lang='lat' dir='ltr'>scribendo</span> <span class='ocrx_word' id='word_1_128' title='bbox 352 1301 523 1334; x_wconf 83' lang='lat' dir='ltr'>uterentur,</span> <span class='ocrx_word' id='word_1_129' title='bbox 545 1300 637 1336; x_wconf 85' lang='lat' dir='ltr'>probe</span> <span class='ocrx_word' id='word_1_130' title='bbox 658 1299 722 1328; x_wconf 84' lang='lat' dir='ltr'>suis</span> <span class='ocrx_word' id='word_1_131' title='bbox 752 1299 942 1328; x_wconf 79' lang='lat' dir='ltr'>auditoribus</span> <span class='ocrx_word' id='word_1_132' title='bbox 967 1299 1151 1328; x_wconf 73' lang='lat' dir='ltr'>enucleabit.</span> <span class='ocrx_word' id='word_1_133' title='bbox 1176 1298 1218 1327; x_wconf 88' lang='lat' dir='ltr'>Dc</span> <span class='ocrx_word' id='word_1_134' title='bbox 1251 1297 1300 1326; x_wconf 86' lang='lat' dir='ltr'>his</span> 
     </span>
     <span class='ocr_line' id='line_1_23' title="bbox 173 1341 660 1378; baseline 0 -7"><span class='ocrx_word' id='word_1_135' title='bbox 173 1351 226 1371; x_wconf 89' lang='lat' dir='ltr'>nos</span> <span class='ocrx_word' id='word_1_136' title='bbox 248 1341 328 1370; x_wconf 83' lang='lat' dir='ltr'>infra</span> <span class='ocrx_word' id='word_1_137' title='bbox 349 1349 446 1377; x_wconf 86' lang='lat' dir='ltr'>pauca</span> <span class='ocrx_word' id='word_1_138' title='bbox 467 1349 660 1378; x_wconf 56' lang='lat' dir='ltr'>exponemus</span> 
     </span>
    </p>

    <p class='ocr_par' dir='ltr' id='par_1_8' title="bbox 174 1380 1302 1583">
     <span class='ocr_line' id='line_1_24' title="bbox 236 1380 1300 1420; baseline -0.003 -8"><span class='ocrx_word' id='word_1_139' title='bbox 236 1383 280 1420; x_wconf 79' lang='lat'>(3)</span> <span class='ocrx_word' id='word_1_140' title='bbox 302 1383 386 1411; x_wconf 73' lang='lat' dir='ltr'>notis</span> <span class='ocrx_word' id='word_1_141' title='bbox 407 1382 563 1412; x_wconf 68' lang='lat' dir='ltr'>brevibus.</span> <span class='ocrx_word' id='word_1_142' title='bbox 588 1382 751 1412; x_wconf 80' lang='lat' dir='ltr'>Cassianus</span> <span class='ocrx_word' id='word_1_143' title='bbox 772 1381 935 1419; x_wconf 84' lang='lat' dir='ltr'>discipulos</span> <span class='ocrx_word' id='word_1_144' title='bbox 956 1389 1026 1411; x_wconf 89' lang='lat' dir='ltr'>suos</span> <span class='ocrx_word' id='word_1_145' title='bbox 1047 1381 1228 1418; x_wconf 82' lang='lat' dir='ltr'>praesertim</span> <span class='ocrx_word' id='word_1_146' title='bbox 1249 1380 1300 1409; x_wconf 86' lang='lat' dir='ltr'>do-</span> 
     </span>
     <span class='ocr_line' id='line_1_25' title="bbox 174 1423 1302 1459; baseline -0.002 -6"><span class='ocrx_word' id='word_1_147' title='bbox 174 1425 264 1453; x_wconf 83' lang='lat' dir='ltr'>cebat</span> <span class='ocrx_word' id='word_1_148' title='bbox 284 1432 343 1453; x_wconf 89' lang='lat' dir='ltr'>non</span> <span class='ocrx_word' id='word_1_149' title='bbox 364 1424 488 1452; x_wconf 78' lang='lat' dir='ltr'>tantum</span> <span class='ocrx_word' id='word_1_150' title='bbox 509 1424 637 1458; x_wconf 73' lang='lat' dir='ltr'>litteris,</span> <span class='ocrx_word' id='word_1_151' title='bbox 660 1423 711 1452; x_wconf 86' lang='lat' dir='ltr'>sed</span> <span class='ocrx_word' id='word_1_152' title='bbox 733 1424 828 1452; x_wconf 83' lang='lat' dir='ltr'>etiam</span> <span class='ocrx_word' id='word_1_153' title='bbox 852 1423 922 1452; x_wconf 85' lang='lat' dir='ltr'>aliis</span> <span class='ocrx_word' id='word_1_154' title='bbox 943 1423 1041 1459; x_wconf 76' lang='lat' dir='ltr'>signis</span> <span class='ocrx_word' id='word_1_155' title='bbox 1062 1423 1228 1459; x_wconf 81' lang='lat' dir='ltr'>figurisque</span> <span class='ocrx_word' id='word_1_156' title='bbox 1249 1431 1302 1451; x_wconf 77' lang='lat' dir='ltr'>ex-</span> 
     </span>
     <span class='ocr_line' id='line_1_26' title="bbox 174 1464 1300 1503; baseline -0.003 -8"><span class='ocrx_word' id='word_1_157' title='bbox 174 1467 272 1503; x_wconf 81' lang='lat' dir='ltr'>cipere</span> <span class='ocrx_word' id='word_1_158' title='bbox 308 1473 398 1500; x_wconf 82' lang='lat' dir='ltr'>quam</span> <span class='ocrx_word' id='word_1_159' title='bbox 433 1465 622 1494; x_wconf 75' lang='lat' dir='ltr'>velocissime</span> <span class='ocrx_word' id='word_1_160' title='bbox 653 1465 843 1500; x_wconf 86' lang='lat' dir='ltr'>loquentium</span> <span class='ocrx_word' id='word_1_161' title='bbox 874 1465 977 1495; x_wconf 72' lang='lat' dir='ltr'>rerba.</span> <span class='ocrx_word' id='word_1_162' title='bbox 1010 1464 1169 1494; x_wconf 77' lang='lat' dir='ltr'>Vocabant</span> <span class='ocrx_word' id='word_1_163' title='bbox 1197 1466 1300 1493; x_wconf 81' lang='lat' dir='ltr'>autem</span> 
     </span>
     <span class='ocr_line' id='line_1_27' title="bbox 174 1505 1299 1543; baseline -0.002 -7"><span class='ocrx_word' id='word_1_164' title='bbox 174 1511 267 1536; x_wconf 51' lang='lat' dir='ltr'>emtas</span> <span class='ocrx_word' id='word_1_165' title='bbox 288 1506 342 1535; x_wconf 85' lang='lat' dir='ltr'>illa</span> <span class='ocrx_word' id='word_1_166' title='bbox 361 1507 451 1542; x_wconf 81' lang='lat' dir='ltr'>signa</span> <span class='ocrx_word' id='word_1_167' title='bbox 468 1515 545 1542; x_wconf 85' lang='lat' dir='ltr'>quae</span> <span class='ocrx_word' id='word_1_168' title='bbox 567 1506 760 1541; x_wconf 78' lang='lat' dir='ltr'>adhiberent,</span> <span class='ocrx_word' id='word_1_169' title='bbox 783 1506 835 1542; x_wconf 88' lang='lat' dir='ltr'>qui</span> <span class='ocrx_word' id='word_1_170' title='bbox 857 1506 1009 1535; x_wconf 85' lang='lat' dir='ltr'>scribendi</span> <span class='ocrx_word' id='word_1_171' title='bbox 1025 1505 1203 1543; x_wconf 76' lang='lat' dir='ltr'>compendia</span> <span class='ocrx_word' id='word_1_172' title='bbox 1225 1505 1299 1534; x_wconf 82' lang='lat' dir='ltr'>ccle-</span> 
     </span>
     <span class='ocr_line' id='line_1_28' title="bbox 175 1547 1299 1583; baseline -0.002 -6"><span class='ocrx_word' id='word_1_173' title='bbox 175 1549 280 1577; x_wconf 65' lang='lat' dir='ltr'>ritatis</span> <span class='ocrx_word' id='word_1_174' title='bbox 302 1556 395 1576; x_wconf 82' lang='lat' dir='ltr'>causa</span> <span class='ocrx_word' id='word_1_175' title='bbox 411 1549 619 1583; x_wconf 71' lang='lat' dir='ltr'>sectarentur:</span> <span class='ocrx_word' id='word_1_176' title='bbox 643 1548 721 1577; x_wconf 85' lang='lat' dir='ltr'>unde</span> <span class='ocrx_word' id='word_1_177' title='bbox 743 1547 916 1577; x_wconf 79' lang='lat' dir='ltr'>istiusmodi</span> <span class='ocrx_word' id='word_1_178' title='bbox 938 1547 1082 1576; x_wconf 77' lang='lat' dir='ltr'>mortales</span> <span class='ocrx_word' id='word_1_179' title='bbox 1103 1547 1226 1576; x_wconf 74' lang='lat' dir='ltr'>notarii</span> <span class='ocrx_word' id='word_1_180' title='bbox 1248 1555 1299 1583; x_wconf 87' lang='lat' dir='ltr'>ap-</span> 
     </span>
    </p>
   </div>
   <div class='ocr_carea' id='block_1_7' title="bbox 174 1588 1365 1627">
    <p class='ocr_par' dir='ltr' id='par_1_9' title="bbox 174 1588 1365 1627">
     <span class='ocr_line' id='line_1_29' title="bbox 174 1588 1365 1627; baseline -0.001 -9"><span class='ocrx_word' id='word_1_181' title='bbox 174 1590 279 1627; x_wconf 75' lang='lat' dir='ltr'>pellati</span> <span class='ocrx_word' id='word_1_182' title='bbox 310 1591 392 1619; x_wconf 81' lang='lat' dir='ltr'>sunt.</span> <span class='ocrx_word' id='word_1_183' title='bbox 417 1589 596 1619; x_wconf 79' lang='lat' dir='ltr'><strong>MARTIALIS</strong></span> <span class='ocrx_word' id='word_1_184' title='bbox 626 1589 658 1618; x_wconf 90' lang='lat' dir='ltr'>in</span> <span class='ocrx_word' id='word_1_185' title='bbox 690 1589 797 1626; x_wconf 84' lang='lat' dir='ltr'>Epigr.</span> <span class='ocrx_word' id='word_1_186' title='bbox 823 1589 883 1618; x_wconf 73' lang='lat'>184</span> <span class='ocrx_word' id='word_1_187' title='bbox 910 1588 995 1618; x_wconf 89' lang='lat' dir='ltr'>Libri</span> <span class='ocrx_word' id='word_1_188' title='bbox 1017 1588 1088 1618; x_wconf 84' lang='lat' dir='ltr'>XIV</span> <span class='ocrx_word' id='word_1_189' title='bbox 1114 1589 1228 1617; x_wconf 81' lang='lat' dir='ltr'>notarii</span> <span class='ocrx_word' id='word_1_190' title='bbox 1249 1597 1302 1625; x_wconf 46' lang='lat' dir='ltr'>pes</span> <span class='ocrx_word' id='word_1_191' title='bbox 1360 1617 1365 1621; x_wconf 81' lang='grc'><em>,</em></span> 
     </span>
    </p>
   </div>
   <div class='ocr_carea' id='block_1_8' title="bbox 174 1630 1250 1668">
    <p class='ocr_par' dir='ltr' id='par_1_10' title="bbox 174 1630 1250 1668">
     <span class='ocr_line' id='line_1_30' title="bbox 174 1630 1250 1668; baseline 0 -8"><span class='ocrx_word' id='word_1_192' title='bbox 174 1632 281 1660; x_wconf 76' lang='lat' dir='ltr'>titiam</span> <span class='ocrx_word' id='word_1_193' title='bbox 304 1631 418 1659; x_wconf 89' lang='lat' dir='ltr'>duobus</span> <span class='ocrx_word' id='word_1_194' title='bbox 438 1631 576 1660; x_wconf 72' lang='lat' dir='ltr'>versibus</span> <span class='ocrx_word' id='word_1_195' title='bbox 597 1630 674 1660; x_wconf 88' lang='lat' dir='ltr'>belle</span> <span class='ocrx_word' id='word_1_196' title='bbox 695 1630 909 1668; x_wconf 79' lang='lat' dir='ltr'>complectitur</span> <span class='ocrx_word' id='word_1_197' title='bbox 930 1631 962 1659; x_wconf 92' lang='lat' dir='ltr'>in</span> <span class='ocrx_word' id='word_1_198' title='bbox 984 1630 1063 1659; x_wconf 84' lang='lat' dir='ltr'>hunc</span> <span class='ocrx_word' id='word_1_199' title='bbox 1079 1630 1216 1660; x_wconf 83' lang='lat' dir='ltr'>modum:</span> <span class='ocrx_word' id='word_1_200' title='bbox 1248 1650 1250 1653; x_wconf 93' lang='lat'>-</span> 
     </span>
    </p>
   </div>
   <div class='ocr_carea' id='block_1_9' title="bbox 174 1677 1301 2136">
    <p class='ocr_par' dir='ltr' id='par_1_11' title="bbox 297 1677 1109 1756">
     <span class='ocr_line' id='line_1_31' title="bbox 297 1677 1093 1714; baseline -0.001 -7"><span class='ocrx_word' id='word_1_201' title='bbox 297 1677 429 1707; x_wconf 83' lang='lat' dir='ltr'>Currant</span> <span class='ocrx_word' id='word_1_202' title='bbox 449 1677 542 1707; x_wconf 84' lang='lat' dir='ltr'>verba</span> <span class='ocrx_word' id='word_1_203' title='bbox 561 1677 648 1714; x_wconf 85' lang='lat' dir='ltr'>licet,</span> <span class='ocrx_word' id='word_1_204' title='bbox 665 1686 773 1706; x_wconf 82' lang='lat' dir='ltr'>manus</span> <span class='ocrx_word' id='word_1_205' title='bbox 795 1678 843 1707; x_wconf 87' lang='lat' dir='ltr'>est</span> <span class='ocrx_word' id='word_1_206' title='bbox 862 1677 994 1706; x_wconf 71' lang='lat' dir='ltr'>velocior</span> <span class='ocrx_word' id='word_1_207' title='bbox 1015 1677 1093 1707; x_wconf 85' lang='lat' dir='ltr'>illis:</span> 
     </span>
     <span class='ocr_line' id='line_1_32' title="bbox 336 1719 1109 1756; baseline 0.001 -8"><span class='ocrx_word' id='word_1_208' title='bbox 336 1719 477 1748; x_wconf 88' lang='lat' dir='ltr'>Nondum</span> <span class='ocrx_word' id='word_1_209' title='bbox 497 1719 617 1755; x_wconf 83' lang='lat' dir='ltr'>lingua,</span> <span class='ocrx_word' id='word_1_210' title='bbox 640 1728 728 1748; x_wconf 86' lang='lat' dir='ltr'>suum</span> <span class='ocrx_word' id='word_1_211' title='bbox 751 1719 860 1748; x_wconf 79' lang='lat' dir='ltr'>dextra</span> <span class='ocrx_word' id='word_1_212' title='bbox 881 1719 1003 1756; x_wconf 82' lang='lat' dir='ltr'>peregit</span> <span class='ocrx_word' id='word_1_213' title='bbox 1023 1728 1109 1756; x_wconf 76' lang='lat' dir='ltr'>opus,</span> 
     </span>
    </p>

    <p class='ocr_par' dir='ltr' id='par_1_12' title="bbox 174 1766 1300 1919">
     <span class='ocr_line' id='line_1_33' title="bbox 235 1766 1300 1797; baseline 0.001 -2"><span class='ocrx_word' id='word_1_214' title='bbox 235 1766 417 1795; x_wconf 70' lang='lat' dir='ltr'>Luculenter</span> <span class='ocrx_word' id='word_1_215' title='bbox 448 1767 604 1796; x_wconf 78' lang='lat' dir='ltr'>notarium</span> <span class='ocrx_word' id='word_1_216' title='bbox 638 1766 794 1796; x_wconf 77' lang='lat' dir='ltr'>Avsomvs</span> <span class='ocrx_word' id='word_1_217' title='bbox 826 1766 967 1796; x_wconf 77' lang='lat' dir='ltr'>ocissime</span> <span class='ocrx_word' id='word_1_218' title='bbox 995 1767 1182 1797; x_wconf 88' lang='lat' dir='ltr'>scribentem</span> <span class='ocrx_word' id='word_1_219' title='bbox 1213 1767 1300 1796; x_wconf 88' lang='lat' dir='ltr'>nobis</span> 
     </span>
     <span class='ocr_line' id='line_1_34' title="bbox 174 1807 1298 1844; baseline 0.003 -8"><span class='ocrx_word' id='word_1_220' title='bbox 174 1808 263 1836; x_wconf 79' lang='lat' dir='ltr'>offert</span> <span class='ocrx_word' id='word_1_221' title='bbox 285 1808 316 1836; x_wconf 90' lang='lat' dir='ltr'>in</span> <span class='ocrx_word' id='word_1_222' title='bbox 331 1807 436 1844; x_wconf 79' lang='lat' dir='ltr'>Epigr.</span> <span class='ocrx_word' id='word_1_223' title='bbox 455 1808 585 1839; x_wconf 87' lang='lat' dir='ltr'>CXLVI.</span> <span class='ocrx_word' id='word_1_224' title='bbox 603 1807 661 1838; x_wconf 69' lang='lat' dir='ltr'>Sed</span> <span class='ocrx_word' id='word_1_225' title='bbox 677 1808 713 1837; x_wconf 86' lang='lat' dir='ltr'>de</span> <span class='ocrx_word' id='word_1_226' title='bbox 728 1807 785 1837; x_wconf 82' lang='lat' dir='ltr'>hac</span> <span class='ocrx_word' id='word_1_227' title='bbox 800 1816 832 1837; x_wconf 90' lang='lat' dir='ltr'>re</span> <span class='ocrx_word' id='word_1_228' title='bbox 849 1807 911 1838; x_wconf 79' lang='lat' dir='ltr'>Csr.</span> <span class='ocrx_word' id='word_1_229' title='bbox 929 1808 1012 1837; x_wconf 77' lang='lat' dir='ltr'>Ivsr.</span> <span class='ocrx_word' id='word_1_230' title='bbox 1030 1809 1159 1838; x_wconf 75' lang='lat' dir='ltr'>L11³srvm</span> <span class='ocrx_word' id='word_1_231' title='bbox 1174 1809 1298 1839; x_wconf 82' lang='lat' dir='ltr'>Centur.</span> 
     </span>
     <span class='ocr_line' id='line_1_35' title="bbox 177 1849 1300 1889; baseline 0.001 -11"><span class='ocrx_word' id='word_1_232' title='bbox 177 1851 205 1878; x_wconf 87' lang='lat'>1.</span> <span class='ocrx_word' id='word_1_233' title='bbox 230 1849 329 1885; x_wconf 72' lang='lat' dir='ltr'>Epist.</span> <span class='ocrx_word' id='word_1_234' title='bbox 354 1849 400 1878; x_wconf 86' lang='lat' dir='ltr'>Ad</span> <span class='ocrx_word' id='word_1_235' title='bbox 431 1849 515 1886; x_wconf 81' lang='lat' dir='ltr'>Belg.</span> <span class='ocrx_word' id='word_1_236' title='bbox 550 1849 660 1885; x_wconf 82' lang='lat' dir='ltr'>XXVII;</span> <span class='ocrx_word' id='word_1_237' title='bbox 685 1850 717 1879; x_wconf 91' lang='lat' dir='ltr'>et</span> <span class='ocrx_word' id='word_1_238' title='bbox 749 1849 1010 1886; x_wconf 77' lang='lat' dir='ltr'>CARPENTERIVM,</span> <span class='ocrx_word' id='word_1_239' title='bbox 1043 1850 1091 1880; x_wconf 82' lang='lat' dir='ltr'>De</span> <span class='ocrx_word' id='word_1_240' title='bbox 1121 1850 1300 1889; x_wconf 77' lang='lat' dir='ltr'>Alphabeto</span> 
     </span>
     <span class='ocr_line' id='line_1_36' title="bbox 178 1891 367 1919; baseline -0.005 0"><span class='ocrx_word' id='word_1_241' title='bbox 178 1891 367 1919; x_wconf 71' lang='lat' dir='ltr'>Tironiano.</span> 
     </span>
    </p>

    <p class='ocr_par' dir='ltr' id='par_1_13' title="bbox 175 1931 1301 2136">
     <span class='ocr_line' id='line_1_37' title="bbox 238 1931 1299 1968; baseline 0.003 -9"><span class='ocrx_word' id='word_1_242' title='bbox 238 1932 282 1968; x_wconf 77' lang='lat'>(4)</span> <span class='ocrx_word' id='word_1_243' title='bbox 305 1933 416 1960; x_wconf 76' lang='lat' dir='ltr'>tristia</span> <span class='ocrx_word' id='word_1_244' title='bbox 438 1933 518 1964; x_wconf 77' lang='lat' dir='ltr'>visa.</span> <span class='ocrx_word' id='word_1_245' title='bbox 543 1932 594 1962; x_wconf 82' lang='lat' dir='ltr'>Ita</span> <span class='ocrx_word' id='word_1_246' title='bbox 614 1941 652 1962; x_wconf 80' lang='lat' dir='ltr'>cx</span> <span class='ocrx_word' id='word_1_247' title='bbox 667 1932 734 1963; x_wconf 86' lang='lat' dir='ltr'>cod.</span> <span class='ocrx_word' id='word_1_248' title='bbox 750 1931 906 1968; x_wconf 88' lang='lat' dir='ltr'>Ambros.‚</span> <span class='ocrx_word' id='word_1_249' title='bbox 922 1933 989 1961; x_wconf 86' lang='lat' dir='ltr'>tum</span> <span class='ocrx_word' id='word_1_250' title='bbox 1003 1932 1152 1962; x_wconf 74' lang='lat' dir='ltr'>Hmnsws</span> <span class='ocrx_word' id='word_1_251' title='bbox 1173 1933 1206 1962; x_wconf 87' lang='lat' dir='ltr'>et</span> <span class='ocrx_word' id='word_1_252' title='bbox 1225 1932 1299 1962; x_wconf 84' lang='lat' dir='ltr'>Rv1-</span> 
     </span>
     <span class='ocr_line' id='line_1_38' title="bbox 175 1972 1301 2010; baseline 0.003 -10"><span class='ocrx_word' id='word_1_253' title='bbox 175 1980 309 2002; x_wconf 74' lang='lat' dir='ltr'>NARTH&#39;S</span> <span class='ocrx_word' id='word_1_254' title='bbox 331 1981 368 2002; x_wconf 75' lang='lat' dir='ltr'>cx</span> <span class='ocrx_word' id='word_1_255' title='bbox 389 1973 461 2002; x_wconf 83' lang='lat' dir='ltr'>Cod.</span> <span class='ocrx_word' id='word_1_256' title='bbox 485 1974 515 2004; x_wconf 84' lang='lat' dir='ltr'>S.</span> <span class='ocrx_word' id='word_1_257' title='bbox 540 1972 712 2004; x_wconf 80' lang='lat' dir='ltr'>Michaelis.</span> <span class='ocrx_word' id='word_1_258' title='bbox 728 1973 869 2009; x_wconf 86' lang='lat' dir='ltr'>Plerique</span> <span class='ocrx_word' id='word_1_259' title='bbox 884 1975 987 2004; x_wconf 75' lang='lat' dir='ltr'>iussa.</span> <span class='ocrx_word' id='word_1_260' title='bbox 1003 1973 1205 2004; x_wconf 80' lang='lat' dir='ltr'>Praeferenda</span> <span class='ocrx_word' id='word_1_261' title='bbox 1215 1975 1301 2010; x_wconf 75' lang='lat' dir='ltr'>visa,-</span> 
     </span>
     <span class='ocr_line' id='line_1_39' title="bbox 175 2014 1300 2052; baseline 0.002 -10"><span class='ocrx_word' id='word_1_262' title='bbox 175 2014 289 2043; x_wconf 80' lang='lat' dir='ltr'>etenim</span> <span class='ocrx_word' id='word_1_263' title='bbox 312 2014 451 2044; x_wconf 85' lang='lat' dir='ltr'>Cassiani</span> <span class='ocrx_word' id='word_1_264' title='bbox 473 2017 636 2052; x_wconf 85' lang='lat' dir='ltr'>praecepta</span> <span class='ocrx_word' id='word_1_265' title='bbox 661 2023 721 2044; x_wconf 89' lang='lat' dir='ltr'>non</span> <span class='ocrx_word' id='word_1_266' title='bbox 749 2023 782 2044; x_wconf 87' lang='lat' dir='ltr'>re</span> <span class='ocrx_word' id='word_1_267' title='bbox 807 2023 880 2044; x_wconf 65' lang='lat' dir='ltr'>vera</span> <span class='ocrx_word' id='word_1_268' title='bbox 905 2023 1013 2052; x_wconf 85' lang='lat' dir='ltr'>aspera</span> <span class='ocrx_word' id='word_1_269' title='bbox 1037 2016 1069 2045; x_wconf 87' lang='lat' dir='ltr'>et</span> <span class='ocrx_word' id='word_1_270' title='bbox 1090 2016 1197 2045; x_wconf 85' lang='lat' dir='ltr'>tristia</span> <span class='ocrx_word' id='word_1_271' title='bbox 1218 2016 1300 2045; x_wconf 84' lang='lat' dir='ltr'>iussa</span> 
     </span>
     <span class='ocr_line' id='line_1_40' title="bbox 176 2053 1300 2096; baseline 0.003 -13"><span class='ocrx_word' id='word_1_272' title='bbox 176 2054 274 2089; x_wconf 81' lang='lat' dir='ltr'>fuere;</span> <span class='ocrx_word' id='word_1_273' title='bbox 287 2056 413 2084; x_wconf 76' lang='lat' dir='ltr'>tametsi</span> <span class='ocrx_word' id='word_1_274' title='bbox 424 2055 514 2092; x_wconf 83' lang='lat' dir='ltr'>talia,</span> <span class='ocrx_word' id='word_1_275' title='bbox 529 2053 608 2092; x_wconf 81' lang='lat' dir='ltr'>quod</span> <span class='ocrx_word' id='word_1_276' title='bbox 622 2056 777 2086; x_wconf 87' lang='lat' dir='ltr'>interdum</span> <span class='ocrx_word' id='word_1_277' title='bbox 788 2056 909 2086; x_wconf 87' lang='lat' dir='ltr'>evenire</span> <span class='ocrx_word' id='word_1_278' title='bbox 921 2057 1090 2094; x_wconf 76' lang='lat' dir='ltr'>consuevit,</span> <span class='ocrx_word' id='word_1_279' title='bbox 1106 2065 1125 2086; x_wconf 82' lang='lat' dir='ltr'>a</span> <span class='ocrx_word' id='word_1_280' title='bbox 1139 2057 1300 2096; x_wconf 80' lang='lat' dir='ltr'>discipulis</span> 
     </span>
     <span class='ocr_line' id='line_1_41' title="bbox 176 2097 800 2136; baseline 0.003 -10"><span class='ocrx_word' id='word_1_281' title='bbox 176 2097 366 2126; x_wconf 74' lang='lat' dir='ltr'>cessantibus</span> <span class='ocrx_word' id='word_1_282' title='bbox 387 2100 419 2127; x_wconf 90' lang='lat' dir='ltr'>et</span> <span class='ocrx_word' id='word_1_283' title='bbox 440 2098 591 2136; x_wconf 87' lang='lat' dir='ltr'>corruptis</span> <span class='ocrx_word' id='word_1_284' title='bbox 612 2097 800 2128; x_wconf 79' lang='lat' dir='ltr'>dicerentur.</span> 
     </span>
    </p>
   </div>
  </div>
 </body>
</html>
