1450 2537
179 137 253 176 168
559 143 714 173 mnam
734 140 934 171 Pavonum

179 264 282 299 Buxa
310 260 459 306 crepant
486 259 608 296 cerata
637 255 712 305 (1),
739 255 845 304 genis
873 254 1033 302 impacta
1060 253 1234 300 cruentis,

232 314 419 360 Rubetque
447 312 493 348 ab
522 311 596 348 ictu
623 311 727 347 curta
755 310 791 346 et
818 308 972 345 humens
998 308 1137 355 pagina
1155 308 1230 356 (2).
1253 307 1302 344 50

181 368 271 404 lude
300 366 364 402 alii
391 364 558 402 stimulos
586 364 621 400 et
649 362 820 399 acumina
846 360 962 398 ferrea
990 360 1152 407 vibrant,

232 424 310 465 Qua
337 419 439 466 parto
468 416 581 454 aratis
611 427 692 453 cera
720 414 832 452 sulcis
861 413 1054 459 scribitur;

181 475 227 510 let
256 484 327 519 qua
355 470 443 508 secti
471 469 591 516 apices
620 468 809 505 abolentur
839 466 914 515 (3),
945 468 981 504 et
1008 465 1174 514 aequoris
1202 465 1291 503 hirti

237 527 372 562 lun-sus
401 523 583 560 nitescens
612 521 808 558 innovatur
836 531 921 556 area
950 519 1024 568 (4).

183 578 279 614 Hinc
309 576 443 613 foditur
463 574 599 613 Christi
619 573 818 619 confessor,
841 574 877 610 et
894 573 977 609 inde
998 573 1141 610 secatur
1163 571 1237 620 (5);
1257 571 1305 608 55

240 633 326 667 l’ars
354 629 476 665 viscus
505 628 619 664 intrat
646 626 767 671 molle,
799 637 884 673 pars
912 625 1048 662 scindit
1074 626 1205 662 cutem.
1254 666 1258 667 ⁷

183 683 315 721 Omnia
342 682 502 718 membra
530 691 661 717 manus
689 679 824 726 pariter
852 679 959 715 fixere
989 678 1179 724 ducentae,

233 735 465 782 Totidemque
494 735 620 781 guttae
650 732 840 769 vulnerum
870 731 1016 768 stillant
1043 730 1166 768 simul.

245 870 289 909 (1)
313 869 439 899 buxa...
463 870 583 898 cerata.
607 866 748 897 Tabellae
770 875 840 896 cera
860 866 1021 900 obductae,
1045 865 1078 895 in
1099 865 1208 902 quibus
1235 864 1309 894 stilo

182 912 415 950 perscriberent,
439 910 553 939 fiebant
575 917 611 938 ex
634 909 748 944 abiete,
772 916 869 943 acere,
885 908 976 942 citrO,
993 908 1092 943 ebore,
1116 906 1199 943 fago,
1216 907 1309 943 atque

182 954 254 982 tilia
275 953 306 982 in
328 953 434 981 tenues
455 951 586 980 laminas
621 951 730 984 sectis;
765 949 817 979 sed
850 949 1023 984 antiquitus
1055 957 1072 978 e
1102 948 1181 978 buxo
1212 948 1309 978 etiam

185 995 403 1024 memorantur.
421 992 459 1021 V.
477 992 597 1021 HABAC.
615 991 655 1027 11,
673 991 704 1027 2,
720 991 772 1020 ubi
787 990 850 1021 Cfr.
872 991 1002 1028 Vulyat.
1019 989 1103 1020 LXX
1117 989 1308 1019 lammam.

247 1036 291 1071 (2)
313 1037 409 1064 curta
429 1036 457 1061 et
479 1034 614 1062 humens
631 1033 771 1070 pag-lina.
795 1032 974 1062 Gnouovws
995 1032 1027 1061 et
1057 1031 1207 1061 Humsws
1234 1029 1310 1060 haec

186 1077 353 1106 reddidere:
366 1092 404 1096 —
420 1076 551 1112 Paqina
569 1075 616 1103 est
632 1074 734 1110 lignea
748 1075 781 1103 et
795 1074 900 1102 cerata
915 1073 1041 1108 tabella,
1059 1081 1137 1109 quae
1151 1074 1246 1102 curta
1264 1072 1309 1100 di-

185 1120 278 1153 vitur,
292 1126 382 1153 quum
395 1116 484 1153 paulo
500 1117 571 1145 ante
582 1115 755 1152 scripsisset
766 1115 862 1152 inque
873 1123 932 1144 ora
947 1114 1081 1144 tabellas
1091 1114 1266 1151 frangyzmt,
1281 1115 1310 1141 et

186 1161 313 1197 lz'smmn
325 1158 459 1188 dissilit.
472 1157 576 1187 Lectio
591 1159 693 1186 tamen
708 1159 803 1186 curta
815 1159 941 1185 tumens
950 1156 1078 1194 pez-qiua
1090 1155 1217 1184 minime
1228 1155 1310 1184 vide-

186 1203 236 1230 tur
249 1210 266 1230 a
277 1209 364 1229 sensu
378 1198 530 1234 abludere,
547 1199 651 1234 estque
663 1199 798 1227 omnium
813 1197 898 1226 codd.
911 1197 1084 1226 nonnullius
1095 1196 1254 1225 momenti.
1271 1212 1310 1217 -—

249 1243 293 1279 (3)
315 1244 343 1270 et
365 1250 429 1278 qna
450 1241 525 1269 secti
548 1241 653 1278 apices
674 1239 856 1269 abolentur.
872 1239 917 1268 Ut
930 1238 1050 1275 planius
1072 1238 1146 1267 haec
1168 1245 1310 1273 assequa-

187 1293 254 1313 mur
276 1284 307 1312 in
330 1284 462 1311 mentem
484 1281 653 1311 revocanda
667 1280 766 1310 forma
776 1280 911 1317 graphii,
927 1288 979 1309 seu
997 1279 1195 1308 instrumenti
1216 1279 1310 1315 scrip-

186 1325 261 1354 torii
283 1324 386 1359 ferrei,
409 1323 456 1353 vel
478 1323 576 1358 aenei,
598 1322 684 1352 6111115
705 1330 760 1359 ope
781 1322 814 1351 in
836 1321 949 1350 ceratis
970 1320 1093 1350 tabellis
1114 1320 1310 1350 scriberetur.

187 1366 354 1402 Graphium
376 1373 483 1402 nempe
505 1364 543 1393 ab
558 1364 657 1393 altera
671 1366 760 1401 parte
781 1364 850 1392 erat
871 1364 995 1392 acutum
1011 1385 1018 1397 ,
1042 1363 1074 1391 et
1096 1361 1128 1391 in
1150 1361 1313 1398 pugionem

188 1407 347 1437 desinebat
369 1406 407 1435 ad
429 1406 553 1435 litteras
574 1405 797 1439 efforniandas3
822 1404 861 1433 ab
883 1403 981 1433 altera
1002 1412 1072 1433 vero
1094 1403 1235 1432 obtusum
1248 1401 1314 1439 pla-

188 1457 319 1484 numque
341 1448 379 1476 ad
401 1456 438 1477 ea
459 1446 598 1483 delenda,
616 1454 694 1483 quae
715 1446 832 1483 scripta
846 1445 928 1474 haud
943 1444 1161 1482 probarentur;
1185 1444 1218 1473 in
1233 1443 1313 1472 hanc

188 1491 269 1519 enim
290 1490 408 1527 partem
431 1497 573 1518 converso
596 1488 680 1524 stilo,
704 1487 816 1517 iterum
849 1495 919 1517 cera
942 1485 1209 1523 complanabatur.
1233 1484 1314 1525 (cfr,

189 1533 269 1562 Hon.
293 1531 363 1561 Sat.
386 1530 412 1566 Ι,
438 1530 489 1566 10,
506 1528 572 1568 72).

253 1573 297 1610 (4)
319 1572 468 1610 aequoris
488 1572 587 1600 irti...
602 1571 786 1600 Imzovatm·
799 1578 888 1599 area.
902 1569 1031 1606 Aequor
1044 1569 1092 1598 est
1106 1569 1239 1604 aequata
1249 1567 1314 1605 pla-

190 1614 284 1643 nities
305 1613 449 1648 tabellae,
471 1621 524 1642 5611
545 1613 687 1649 paginae,
711 1619 789 1647 quae
810 1610 938 1648 graphio
951 1609 1068 1639 litteris
1081 1609 1193 1646 incisa,
1213 1608 1315 1639 nescio

191 1655 265 1692 quid
286 1654 447 1691 inaequale
468 1655 501 1683 et
520 1653 638 1683 hirtum
661 1653 755 1682 oculis
776 1652 939 1686 obiiceret:
955 1651 1073 1681 litteris
1087 1651 1190 1680 autem
1201 1650 1315 1688 (versa,

192 1698 225 1727 id
245 1697 293 1726 est
313 1696 422 1725 obtusa
443 1695 508 1724 stili
530 1695 630 1733 parte)
646 1694 765 1729 deletis,
789 1694 902 1723 iterum
923 1692 1118 1730 complanata
1137 1692 1313 1722 nitesceret.

254 1738 298 1774 (5)
322 1737 411 1766 Hinc
431 1737 623 1774 foditm·.....
649 1736 723 1765 inde
744 1737 884 1765 secatur.
907 1734 1096 1764 Acuminata
1125 1733 1194 1763 stili
1225 1733 1316 1771 parte

192 1779 367 1808 confoditur
387 1780 522 1815 martyr;
547 1779 636 1815 parte
651 1777 760 1806 obtusa
780 1777 914 1812 secatur,
936 1775 1088 1806 caeditur.
1111 1775 1181 1811 Sed,
1197 1774 1223 1804 si
1245 1783 1315 1812 pru-

192 1820 354 1849 ‹lentianus
375 1819 468 1848 stilus
491 1827 550 1855 qua
565 1820 654 1856 parte
668 1819 794 1848 obtusus
809 1818 856 1847 est
870 1818 966 1852 secat,
982 1816 1144 1846 dicendum
1158 1817 1206 1846 est
1220 1815 1315 1845 alium

192 1862 314 1891 omuino
336 1869 398 1890 esse
421 1861 458 1890 ab
479 1869 513 1890 eo
534 1860 619 1896 stilo,
642 1860 727 1889 cuius
749 1859 879 1888 formam
899 1859 987 1887 nobis
1000 1857 1126 1887 exhibet
1144 1856 1317 1887 Bernardus

193 1902 438 1932 Montsauconius
448 1901 496 1939 (V.
514 1901 752 1939 Paleoyraphia
768 1902 903 1934 Graeca,
916 1908 987 1937 pag.
1000 1899 1066 1937 21),
1079 1899 1130 1935 qui
1144 1897 1265 1928 scilicet
1278 1907 1316 1927 ex

194 1945 292 1974 altera
306 1944 394 1981 parte
409 1943 441 1972 in
457 1944 580 1972 acutum
593 1943 784 1978 attenuatur,
801 1951 838 1971 ex
854 1941 952 1970 altera
963 1948 1033 1970 vero
1050 1939 1151 1969 dentis
1167 1948 1250 1969 more
1265 1940 1315 1968 ob-

194 1986 281 2015 tusus
293 1993 381 2014 areae
393 1984 629 2022 complanandae
644 1985 692 2014 est
703 1983 824 2019 idonea,
840 1983 892 2012 sed
906 1982 1021 2011 nullam
1037 1982 1134 2011 aciem
1148 1980 1318 2018 praesefert

195 2035 255 2098 (Em
263 2035 380 2098 sset-are
394 2026 522 2096 1111(ὲὲιὲ4
528 2025 590 2057 Cfr.
613 2026 717 2055 tamen
732 2025 768 2055 de
783 2025 841 2054 hac
855 2032 887 2054 re
901 2024 1108 2054 LAVRENTIVM
1123 2022 1315 2059 Pmnomx-m,

219 2071 242 2098 ‘e
287 2069 383 2104 ervis,
406 2076 437 2106 p.
525 2090 532 2098 .
