1450 2537
209 157 281 195 218
586 165 736 194 AVRELII
762 162 958 191 Pavonum

363 281 560 326 Postquam
587 279 743 316 cadaver
769 276 949 324 sanguine
977 277 1099 323 egesto
1127 276 1264 325 rigens,

311 335 489 380 Compage
518 333 564 369 ab
592 332 656 368 illa
684 331 850 368 flamines
876 331 1105 375 retraxerint,

311 387 477 423 Procedit
504 386 587 421 inde
615 384 792 431 pontifex,
824 384 906 420 visu
932 383 1114 428 horridus,

310 440 481 477 Ostentat
508 439 618 475 udum
650 438 832 482 verticem,
862 437 1014 474 barbam
1042 447 1204 483 gravem,

310 492 432 530 Vittas
452 492 654 535 madentes,
677 493 785 538 atque
805 489 960 527 amictus
979 490 1096 526 ebrios
1118 488 1192 538 (1).
1227 489 1325 526 1045

361 552 471 587 Hunc
499 550 733 596 inquinatum
760 549 898 586 talibus
926 549 1123 596 contagiis,

308 605 406 641 Tabe
434 604 589 640 recentis
617 603 803 639 sordidum
831 601 980 649 piaculi,

311 658 445 693 Omnes
473 657 639 693 salutant
667 657 774 702 atque
803 656 958 692 adorant
984 655 1141 700 eminus,

310 711 403 746 Vilis
431 710 525 756 quod
554 709 657 745 illum
686 708 839 755 sanguis
868 710 904 745 et
931 709 995 745 bos
1023 711 1186 746 mortuus

310 763 437 800 Foedis
465 763 639 799 latentem
667 762 735 799 sub
764 761 929 799 cavernis
956 762 1126 799 laverint.
1227 760 1326 798 1050

362 822 552 859 Addamus
580 821 696 866 illam,
727 822 798 866 vis,
829 821 1065 858 hecatomben
1092 822 1221 858 tuam?

311 877 471 912 (Jimtena
498 875 591 911 ferro
620 886 731 922 quum
758 874 895 911 cadunt
922 873 1112 919 animalia,

309 928 491 975 Variaque
519 928 712 965 abundans
738 928 846 965 caede
874 928 1066 974 restagnat
1091 937 1209 974 cruor,

310 982 379 1018 Vix
407 983 448 1018 ut
475 980 635 1018 cruentis
663 992 820 1028 augures
848 981 1037 1018 natatibus

310 1035 458 1072 Possint
484 1045 603 1071 meare
631 1045 693 1080 per
720 1033 940 1081 profundum
969 1033 1175 1081 sanguinis.
1225 1033 1324 1070 1055

360 1094 428 1130 Sed
456 1093 543 1140 quid
570 1093 762 1130 macellum
792 1093 850 1142 (2)
882 1093 1016 1141 pingue
1044 1093 1305 1140 pulvinarium,

306 1147 400 1192 Quid
428 1146 666 1183 maximorum
693 1146 938 1184 lancinatores
966 1158 1132 1194 gregum,

307 1200 519 1237 Eviscerata
546 1211 654 1237 carne
682 1200 811 1237 crudos
838 1200 1035 1237 criminor?

307 1254 398 1290 Sunt
426 1265 545 1298 sacra,
576 1253 722 1300 quando
750 1255 890 1290 vosmet
917 1253 987 1300 ipsi
1015 1252 1181 1290 exciditis
1211 1251 1286 1301 (3),
1446 1288 1450 1296 ,

308 1306 462 1344 Votivus
481 1308 517 1343 et
535 1318 646 1353 quum
665 1307 826 1344 membra
845 1307 1037 1343 detruncat
1055 1306 1168 1343 dolor.
1225 1305 1324 1342 1060
1441 1300 1450 1347 ’ἰ

361 1365 524 1403 Cultrum
553 1366 591 1402 in
618 1366 773 1403 lacertos
801 1365 933 1402 exserit
959 1365 1158 1411 fanaticus,

306 1419 490 1466 Sectisque
517 1419 672 1455 Matrem
700 1418 860 1456 brachiis
886 1418 1010 1465 placat
1037 1419 1156 1464 deam,

308 1472 439 1509 Furere
467 1483 509 1508 ac
536 1473 649 1509 rotari
676 1471 734 1509 ius
761 1473 911 1518 putatur
938 1471 1154 1519 mysticum:

308 1526 425 1562 Parca
453 1525 500 1561 ad
528 1525 723 1562 secandum
752 1525 878 1562 dextra
905 1524 1019 1562 fertur
1046 1524 1173 1572 impia,

309 1579 455 1616 Caelum
484 1580 640 1616 meretur
666 1579 858 1616 vulnerum
885 1578 1095 1616 crudelitas.
1224 1576 1324 1615 1055

267 1700 310 1737 (1)
333 1701 471 1729 amictus
492 1701 605 1735 ebrios,
628 1701 776 1737 sanguine
798 1702 967 1731 madentes.

266 1747 309 1785 (2)
334 1748 516 1779 macellum.
540 1748 601 1776 Hoc
625 1748 745 1777 nomine
767 1748 898 1778 Romani
919 1748 1018 1778 locum
1039 1748 1158 1786 septum
1187 1747 1326 1784 designa·

203 1789 288 1823 bant,
314 1789 362 1817 ubi
388 1798 494 1825 pecora
517 1792 736 1823 mactarentur.
761 1790 902 1826 variique
930 1790 1049 1825 generis
1069 1789 1195 1819 obsonia
1215 1798 1323 1819 venum

203 1831 386 1867 prostarent.
405 1830 607 1867 Contemptirn
632 1833 721 1860 vocat
737 1834 827 1867 poeta
849 1832 1006 1861 macellum
1029 1831 1211 1868 templorum
1232 1831 1323 1860 vesti-

204 1872 273 1899 bula
293 1872 330 1900 ob
353 1880 490 1907 pecorum
520 1873 694 1907 sacrificia,
722 1872 861 1909 ipsosque
892 1873 1063 1903 sacerdotes
1078 1873 1322 1907 -lancinatoresu

204 1913 254 1948 qni
278 1921 383 1941 carnes
406 1916 437 1942 et
466 1914 538 1942 exta
567 1914 763 1942 victimarum
788 1914 818 1942 in
842 1918 945 1952 partes
977 1916 1062 1944 secta
1088 1914 1172 1944 inter
1202 1923 1234 1943 se
1255 1922 1321 1951 par-

203 1954 370 1983 tiebantur.

265 2001 309 2037 (3)
334 2004 449 2029 vosmet
470 2002 536 2039 ipsi
557 2001 717 2031 exciditis.
735 2002 777 2031 De
805 2002 964 2032 scellerata
986 2002 1044 2032 hac
1066 2011 1164 2032 mares
1184 2002 1321 2032 evitandi

203 2043 281 2075 arte,
304 2049 393 2077 quam
414 2043 473 2071 iam
487 2044 668 2073 memoravit
690 2043 806 2081 Moyses
820 2045 851 2072 in
868 2044 1028 2077 Deuteron.
1044 2043 1194 2081 XXXIII,
1212 2044 1242 2080 1,
1254 2043 1323 2073 vide

201 2083 244 2111 sis
267 2083 465 2120 MAzocmvm,
488 2085 601 2122 Spicil.
625 2085 711 2115 Bibl.
734 2085 768 2121 T,
795 2086 846 2122 11,
865 2094 896 2123 p.
922 2087 952 2115 8.
