1502 2537
365 139 475 175 ΠΕΡΙ
504 140 763 175 ΣΊῈΦΑΝΩΝ
792 148 942 176 nmxvs
970 149 993 176 v
1199 138 1273 177 135

467 264 540 302 His
566 265 693 303 eontra
720 264 865 303 Levites
895 264 1027 302 refert:
1051 286 1103 292 —
1200 264 1273 302 145

416 331 439 353 «
468 317 504 355 Si
533 317 605 355 iam
632 320 776 356 tuorum
804 317 981 365 perspicis

415 370 606 419 Languere
636 371 804 408 virtutem
833 382 981 416 canum,

415 424 496 471 Age
524 424 616 471 ipse,
646 423 762 462 maior
788 423 963 462 carnifex.

470 477 644 523 Ostende,
675 488 745 525 quo
773 480 878 524 pacto
907 479 1041 524 queam

414 529 515 568 Imos
543 542 705 568 recessus
733 531 909 575 scindere,
1198 530 1274 567 1.ιο

416 583 550 621 Manus
578 585 614 621 et
641 584 716 630 ipse
745 584 930 627 intorsere,

415 636 596 684 Rivosque
624 635 803 674 ferventes
832 636 890 684 (1)
913 637 1007 674 bibo.
1043 651 1061 667 >³
1092 658 1143 662 —

468 689 594 735 Erras,
625 691 786 736 eruente,
817 690 848 726 si
878 701 991 726 meam

414 741 464 779 Te
491 753 567 780 rere
595 753 748 790 poenam
777 754 928 782 sumere,
959 743 1016 787 (2)

415 795 534 840 Quum
562 796 721 833 membra
750 796 856 832 morti
885 796 1041 833 obnoxia
1199 796 1272 832 105

415 847 652 886 Dilancinata
680 848 869 886 interficis.

466 901 536 939 Est
561 901 654 939 alter
687 901 746 950 (3)
766 903 822 939 est
848 901 1084 946 intrinsecus,

413 953 560 992 Violare
588 966 693 1002 quem
721 955 845 992 nullus
874 956 1011 1002 potest:

413 1006 536 1053 Liber,
567 1007 724 1055 quietus,
755 1007 911 1055 integer,

412 1061 548 1098 Exsors
576 1061 739 1098 dolorum
766 1061 941 1098 tristium.
1196 1059 1271 1097 160

467 1114 562 1160 Hoc,
593 1113 689 1162 quod
715 1114 861 1152 laboras
889 1113 1033 1161 perdere

411 1167 540 1205 Tantis
567 1166 701 1204 furoris
728 1167 881 1213 viribus,

411 1220 489 1258 Vas
515 1221 572 1258 est
599 1220 758 1258 solutum
785 1231 827 1258 ac
855 1220 982 1263 fictile,
1007 1220 1064 1267 (4)

410 1274 641 1322 Quocumque
664 1272 910 1322 frangendum
938 1274 1056 1310 modo.

463 1326 559 1373 Quin
586 1327 696 1364 immo
724 1338 822 1364 nunc
850 1327 984 1364 enitere
1195 1326 1268 1363 105

411 1380 524 1418 Illum
552 1391 672 1418 secare
701 1391 743 1417 ac
771 1379 942 1427 plectere,

413 1432 482 1479 Qui
508 1434 648 1481 perstat
674 1432 790 1478 intus,
822 1433 884 1480 qui
912 1434 1011 1469 tuam

415 1486 553 1532 Calcat,
584 1487 755 1534 tyranne,
786 1486 984 1523 insaniam.

464 1539 590 1585 Hunc,
621 1539 719 1577 hunc
746 1539 904 1583 1acesse3
938 1539 1034 1575 hunc
1063 1537 1204 1575 discute

411 1591 610 1638 Invictum,
640 1592 959 1639 inexsnprabilem,
983 1592 1040 1639 (5)
1195 1590 1269 1628 170

412 1644 537 1683 Nullis
566 1644 734 1692 procellis
761 1645 963 1690 subditum,

410 1697 553 1746 Solique
581 1696 784 1736 subiectum
812 1698 901 1736 Deo.
934 1711 956 1732 »
986 1719 1038 1724 —

209 1821 255 1859 (1)
276 1822 363 1851 rivos
383 1822 546 1859 ferventes.
570 1822 716 1858 'repentes
738 1822 896 1858 sanguinis
917 1822 992 1852 vivi.

210 1862 256 1901 (2)
279 1872 420 1893 meam...
435 1872 568 1900 poenam
584 1872 718 1893 sumere.
742 1863 873 1893 Poenam
889 1863 925 1892 de
951 1872 998 1893 me
1022 1871 1151 1899 sumere,
1167 1863 1270 1900 aliquo

146 1911 195 1934 me
216 1904 296 1934 malo
318 1905 446 1935 afficere.

207 1944 252 1983 (3)
273 1945 368 1981 alter,
390 1945 456 1976 scil.
481 1944 581 1980 homo,
615 1954 673 1975 non
696 1946 782 1975 cuius
811 1945 962 1975 cernimus
990 1945 1102 1980 oculos,
1137 1945 1268 1982 vultum,

145 1994 265 2024 corpus,
287 1986 340 2017 sed
362 1987 490 2017 interior
512 1986 612 2023 homo,
634 1987 670 2017 de
692 1995 749 2023 quo
771 1986 802 2017 S.
826 1986 921 2017 ΡΛνι.
944 1986 974 2016 Π
997 1987 1140 2017 Corinth.
1164 1988 1194 2017 4.

208 2027 253 2066 (4)
276 2037 334 2058 vas
352 2028 461 2065 fictile,
485 2036 604 2066 corpus.
629 2028 663 2059 V.
686 2028 718 2059 S.
741 2028 838 2064 Pan,
861 2028 1006 2058 Corinth.
1023 2028 1077 2064 IV,
1102 2029 1131 2059 7.

208 2069 253 2109 (5)
276 2069 551 2109 inexeuprabilem
573 2077 627 2108 pro
644 2069 913 2108 inexuperabilem,
930 2069 1034 2101 dul-iot
1054 2069 1137 2100 vocis
1151 2070 1270 2100 contra-
