1450 2537
221 164 295 201 248
598 175 746 202 Avuffliu
775 173 974 202 PRVDENTH

535 288 687 326 Certant
715 288 751 325 et
777 287 849 335 ipsi
876 286 1017 325 concito

484 343 641 379 Pontum
667 341 818 388 phaselo
846 340 1032 378 scindere:

481 396 605 441 Longe
634 395 696 432 sed
726 395 827 432 artus
856 393 1071 441 praevolant
1100 391 1160 441 (1)

479 447 635 485 Telluris
664 447 711 484 ad
738 447 883 484 mollem
912 447 1048 484 sinum.
1267 447 1343 485 000

535 500 643 538 Prius
670 500 803 538 relatos
832 499 985 547 denique

479 554 625 591 Humus
654 553 779 601 quieta
805 553 976 600 suscipit,

480 608 596 652 Quam
623 607 731 653 pulsa
759 606 912 644 summis
939 605 1084 643 nisibus

481 660 616 698 Carina
643 661 787 707 portum
814 659 995 707 tangeret.

533 713 635 750 Felix
663 712 807 751 amoeni
833 712 952 750 litoris

479 769 648 804 Secessus
676 766 753 813 ille,
784 766 847 814 qui
875 776 980 804 sacra

482 820 622 857 Fovens
650 819 772 857 arenis
799 819 941 857 viscera

479 873 604 911 Vicem
632 872 789 920 sepulcri
815 871 1011 920 praebuit?

532 927 628 963 Dum
656 937 744 963 cura
772 927 982 963 sanctorum
1008 925 1072 972 pia

478 979 627 1017 Deflens
655 979 812 1017 adornat
839 990 1033 1027 aggerem;
1261 978 1340 1018 510

479 1032 703 1080 Tumuloque
731 1044 861 1080 corpus
890 1031 1067 1070 creditum

478 1086 585 1124 Vitae
613 1087 773 1124 reservat
800 1086 979 1132 posterae.

529 1140 598 1177 Sed
624 1150 721 1185 mox⁷
752 1138 915 1177 subactis
942 1138 1125 1185 hostibus,
1149 1138 1208 1189 (2)

478 1193 560 1230 Iam
588 1204 676 1240 pace
706 1192 814 1230 iustis
841 1192 999 1238 reddita,

478 1246 586 1283 Altar
615 1245 773 1293 quietem
803 1245 963 1282 debitam
1265 1245 1340 1283 515

479 1300 648 1336 Praestat
675 1298 792 1336 beatis
820 1298 976 1336 ossibus.

531 1352 701 1389 Subiecta
729 1363 815 1389 nam
845 1351 1019 1397 sacrario,

477 1406 667 1452 Imamque
696 1405 743 1442 ad
770 1416 871 1441 aram
899 1404 1062 1450 condita,

479 1458 655 1496 Caelestis
683 1469 811 1495 auram
841 1457 1002 1495 muneris
1023 1457 1082 1507 (3)

478 1511 633 1550 Pei-fusa
661 1512 791 1549 subtus
819 1511 1009 1548 hauriunt.
1263 1511 1340 1549 520

1267 714 1288 750 CI!

1292 714 1341 751 Ξ

277 1637 321 1673 (1)
345 1639 440 1665 artus
468 1635 674 1673 praevolant.
705 1634 853 1671 Martyris
882 1642 989 1672 corpus
1018 1635 1090 1664 ante
1116 1634 1194 1664 litus
1225 1635 1341 1672 pertin-

213 1679 272 1714 git,
298 1687 388 1713 quam
410 1678 523 1706 nautae
545 1678 666 1714 portum
689 1677 752 1705 sint
773 1676 963 1712 consequuti.

277 1727 319 1763 (2)
343 1725 396 1754 sed
418 1724 679 1758 moacfsubactis
711 1724 865 1753 hostibus.
898 1723 1045 1752 Romanis
1073 1723 1191 1759 legibus
1216 1725 1341 1754 cautum

150 1781 155 1785 ·
212 1768 291 1801 erat,
314 1775 351 1795 no
374 1766 524 1795 cadavera
546 1766 578 1794 In
600 1765 673 1794 urbe
696 1765 908 1794 humarentur.
932 1765 989 1794 Sed
1017 1765 1067 1793 ubi
1097 1765 1128 1794 in
1151 1764 1342 1795 Christianos

212 1808 322 1837 bellum
345 1808 470 1842 resedit,
492 1807 630 1844 sepulcra
652 1807 737 1836 intra
752 1806 857 1835 urbem
879 1806 1067 1842 martyribus
1082 1807 1158 1836 data
1178 1807 1268 1841 sunt;
1293 1807 1340 1836 vel

212 1857 314 1878 eorum
337 1849 508 1884 relliquiae,
532 1849 563 1877 in
579 1848 683 1877 urbem
699 1847 854 1882 conlatae,
869 1848 925 1876 sub
948 1847 1099 1877 altaribus
1113 1848 1186 1876 sunt
1200 1847 1341 1878 conditae

212 1900 264 1928 per
286 1890 440 1920 honorem.
476 1890 533 1927 Qui
555 1889 648 1918 honos
669 1898 737 1918 ossa
758 1890 934 1924 sanctorum
949 1889 1083 1917 virorum
1105 1889 1285 1925 contegendi
1308 1889 1340 1918 iu

211 1933 384 1960 universum
406 1932 528 1968 patuit:
546 1931 610 1960 sive
626 1930 774 1968 martyrio
789 1931 887 1959 vitam
903 1930 1054 1965 finissent,
1069 1930 1133 1959 sive
1147 1931 1340 1960 sanctissime

211 1973 421 2002 decessissent.
445 1973 480 2003 V.
504 1973 626 2002 BARoN.
650 1972 682 2001 in
705 1971 962 2001 Adnotationibus
990 1971 1029 2000 ad
1057 1970 1218 2009 Martyrol.
1240 1972 1341 2010 pridie

211 2023 305 2043 nonas
327 2014 380 2044 inl.

276 2062 319 2097 (3)
341 2061 484 2090 caelestis
506 2061 660 2090 muneris.
684 2060 855 2090 CELLAmvs
870 2082 878 2095 ‚
901 2061 933 2089 et
959 2059 1109 2095 quotquot
1137 2068 1156 2088 a
1186 2059 1340 2090 catholiea

211 2103 351 2132 doctrina
373 2102 583 2139 quadantenus
604 2102 763 2140 recedunt,
778 2101 833 2132 Dei
855 2102 978 2131 tantum
1005 2101 1199 2139 providentia
1223 2101 1340 2132 factum
