1502 2537
0 1774 26 1873 *Aa-2
9 1749 15 1757 .

746 0 763 8 v
782 0 795 5 -
814 0 913 19 --κ-1
939 0 981 11 --0-

456 43 458 46 ,
488 32 506 42 ,υ

395 169 506 205 ΠΕΡΙ
534 169 794 206 ΣΤΕΦΑΝΩΝ
823 177 974 205 nmnvs
1002 178 1030 205 11
1216 167 1264 205 97

359 291 515 339 Impune
543 293 683 336 tantas,
714 290 875 330 furcifer.

305 344 480 392 Strophas
509 345 568 393 (1)
598 345 730 382 cavillo
757 344 900 382 mimico

305 397 356 435 're
382 398 548 435 nexuisse
576 398 778 441 existimas,

305 450 416 496 Dum,
447 462 572 488 scurra
602 451 676 498 (2),
707 451 823 489 saltas
852 449 1042 487 fabulam?
1195 451 1272 486 320

360 509 548 547 concinna
576 509 655 547 visa
683 509 874 547 urbanitas

302 562 473 600 Tractare
501 564 644 600 nosmet
670 562 848 600 ludicris?

304 615 442 663 Ergon’
475 615 665 653 cachinnis
693 615 862 653 venditus

304 669 463 707 Acroma
492 669 550 717 (3)
580 668 754 706 festivum
783 668 864 705 fui?

359 727 506 765 Adeone
534 726 636 764 nulla
664 727 874 770 austeritas,
1195 726 1270 763 325

306 781 466 818 Censura
494 779 596 817 nulla
623 782 679 817 est
707 779 895 817 fascibus?

304 832 446 871 Adeon'
478 843 637 870 securem
666 832 848 879 publicam

302 886 427 924 Mollis
453 885 615 923 retundit
641 884 775 922 lenitas
805 884 894 932 (4)·?

357 943 481 981 Dicis:
511 943 668 980 libenter
695 944 886 990 oppetam3

302 996 436 1034 Votiva
465 995 524 1044 (5)
553 1006 650 1034 mors
678 998 734 1033 est
761 995 926 1044 martyri.
1189 997 1266 1033 330

300 1049 370 1087 Est
396 1049 469 1086 ista
495 1049 612 1094 vobis,
644 1049 827 1094 novimus,

302 1102 555 1140 persuasionis
582 1101 729 1139 vanitas
758 1101 832 1149 (6).

354 1161 423 1198 Sed
450 1171 523 1198 non
552 1160 687 1198 volenti
714 1160 934 1207 impertiam,

299 1214 509 1251 Praestetur
535 1215 577 1250 ut
603 1213 732 1251 mortis
759 1213 852 1251 citae

299 1266 582 1314 compendiosus
608 1266 748 1304 exitus:
1190 1267 1266 1304 335

298 1319 421 1357 Perire
447 1319 583 1367 raptim
608 1330 683 1358 non
711 1319 819 1357 dabo.

200 1441 246 1479 (1)
255 1441 395 1479 strophe,
409 1439 551 1485 στροφὴ,
564 1441 750 1477 Versionem,
764 1441 875 1471 flexum
889 1442 1057 1478 significat.
1073 1442 1264 1472 Transfertur

139 1487 179 1518 ad
193 1487 395 1518 denotandam
416 1488 569 1518 fallaciam
592 1496 646 1525 per
667 1488 794 1518 subdola
813 1488 918 1523 verba,
941 1489 1051 1525 quibus
1073 1489 1141 1525 quis
1161 1489 1266 1520 fallere

139 1529 216 1558 alios
237 1529 407 1565 adgressus,
430 1529 488 1559 huc
511 1529 582 1558 illuc
603 1538 635 1558 se
656 1530 765 1564 vertit,
781 1537 839 1566 quo
854 1530 936 1559 viam
959 1529 1097 1560 elabendi
1113 1531 1264 1567 inquirat.

140 1569 177 1599 V.
198 1569 343 1599 Panna.
366 1570 393 1606 Ι,
417 1571 470 1604 14;
504 1570 613 1600 Semne.
636 1570 693 1608 Ep.
717 1571 813 1606 xva:
837 1571 928 1601 sz.
951 1572 1071 1601 Mmon.
1098 1573 1126 1608 1,
1143 1581 1191 1610 ep.
1228 1576 1261 1606 8:

138 1613 172 1641 et
185 1613 321 1640 nostrum
341 1611 453 1645 Αποθ.
475 1611 594 1641 Proem.
614 1611 742 1641 xxme.

201 1657 246 1694 (2)
267 1667 396 1687 smarra.
418 1658 585 1694 Tamquam
608 1659 814 1696 pantomimus
840 1659 871 1688 in
903 1667 1025 1689 scenam
1057 1660 1200 1689 inductus
1233 1660 1262 1689 in

139 1707 187 1728 me
208 1707 300 1728 unum
323 1705 424 1735 gestu,
457 1699 622 1728 saltatione
655 1699 789 1729 fabulam
813 1701 897 1736 agis,
923 1701 1092 1738 impudens.
1117 1701 1153 1731 V.
1181 1700 1264 1746 Περὶ

140 1743 237 1788 Σκεεφ.
261 1745 406 1783 hymnum
429 1746 460 1776 S.
484 1746 616 1776 Romani
639 1755 668 1775 v.
691 1746 764 1776 222.

200 1792 246 1829 (3)
267 1795 408 1822 acroma.
426 1793 517 1830 Sync.
533 1801 587 1830 pro
602 1801 757 1823 acroama.
774 1793 925 1823 Aeroama
939 1795 1041 1824 autem
1063 1796 1264 1833 metonymice

137 1832 194 1871 pro
205 1834 316 1864 faetivo
337 1839 495 1863 narratore
511 1839 566 1864 aut
580 1835 744 1864 recitatore
761 1835 800 1864 ad
821 1835 916 1864 risum
939 1835 1124 1871 faciendum,
1147 1838 1195 1867 uti
1217 1838 1263 1867 vi-

138 1875 243 1904 demus
264 1875 296 1904 in
319 1874 422 1904 fabula
455 1876 539 1904 brevi
554 1898 562 1911 ,
585 1875 634 1905 cui
667 1883 775 1905 nomen
807 1878 854 1906 est
877 1876 982 1907 italis:
1007 1886 1076 1907 una
1095 1878 1202 1915 farsa.
1224 1879 1262 1910 V.

138 1916 230 1946 Tvu..
253 1915 382 1946 Verrina
405 1916 456 1950 VI,
482 1916 532 1946 22.

199 1962 245 2000 (4)
266 1962 374 1992 mollis
387 1963 533 1992 retundit
549 1963 677 1993 lenitas.
695 1980 733 1985 —
750 1963 853 1994 Vatic.
870 1972 958 2000 unus,
973 1965 1006 1995 et
1019 1965 1114 1996 Aldus
1128 1967 1261 1997 retudit.

199 2009 244 2046 (5)
266 2010 383 2039 votiva.
406 2009 493 2038 Votis
514 2010 666 2047 expetita.

199 2055 244 2093 (6)
259 2057 487 2094 persuasionis
508 2058 650 2086 vanitas.
740 2057 853 2087 mentis
881 2066 982 2088 errore
1012 2059 1098 2090 vobis
1129 2062 1176 2090 ost
1196 2069 1261 2098 per-

138 2105 272 2126 suasum.

171 2171 205 2198 Α.
225 2171 382 2199 Pavonum
404 2172 503 2207 Opera.
1176 2177 1191 2205 7
