1450 2537
240 150 313 188 172

621 159 770 187 AVRELII
797 158 996 187 PRVDEN'I'II

398 274 582 311 Plectrum
610 272 724 320 palati
754 271 813 321 (1)
835 273 871 309 et
897 271 1055 311 faucium
1086 284 1216 310 saevus
1245 273 1312 311 tibi

343 328 469 364 Tortor
498 326 671 363 revulsit:
705 337 770 363 nec
796 327 921 362 tamen
949 325 1134 363 silentium

346 380 487 416 Indixit
514 379 581 425 ori,
614 390 683 426 quo
710 378 886 416 fatebaris
914 379 1044 417 Deum.

346 433 423 469 Vox
452 432 617 469 veritatis
645 431 831 478 exstingui
859 431 999 479 nequit,

346 486 423 522 Nec
451 485 482 522 si
510 484 635 522 recisis
664 484 817 531 palpitet
844 483 1039 522 meatibus.
1317 485 1365 522 10

399 555 469 592 Hic
499 557 620 591 noster
648 555 801 592 haerens
830 566 946 592 sermo
975 555 1104 602 lingua
1132 555 1242 593 debili

347 608 524 652 Balbutit,
556 609 591 644 et
618 607 735 645 modis
763 608 906 645 laborat
933 608 1102 652 absonis3

345 662 412 697 Sed
441 661 471 698 si
501 672 656 707 superno
684 672 761 698 rore
790 672 980 708 respergas
1009 661 1120 707 iecur,

347 716 392 751 Et
421 714 577 760 spiritali
605 714 699 751 lacte
728 715 853 760 pectus
882 714 1033 762 inriges,

346 768 423 804 Vox
451 767 642 813 impeditos
670 778 781 803 rauca
808 767 949 804 laxabit
977 778 1097 805 sonos.
1317 767 1364 804 15

398 837 638 884 Evangelista
667 836 725 886 (2)
756 837 916 884 scripsit,
949 837 1067 884 ipsum
1097 837 1190 874 talia

347 892 543 937 Praecepta
571 891 735 928 Messian
764 890 905 928 dedisse
934 890 1142 937 Apostolis:

346 943 468 980 Nolite
496 944 619 989 verba,
651 955 762 991 quum
790 944 1060 981 Sacramentum
1090 955 1208 981 meum

346 997 425 1034 Erit
452 997 671 1043 canendum,
700 996 931 1043 providenter
958 1008 1151 1044 quaerere:

345 1051 423 1097 Ego
452 1049 655 1096 imparatis,
687 1061 778 1097 quae
806 1049 1016 1097 loquantur,
1048 1061 1257 1098 suggeram.
1317 1050 1366 1087 20

398 1120 484 1157 Sum
512 1121 633 1157 mutus
662 1120 761 1167 ipse3
794 1120 857 1157 sed
886 1121 1014 1167 potens
1043 1119 1234 1157 facundiae

346 1174 428 1210 Mea
455 1173 600 1221 lingua,
633 1173 800 1211 Christus
830 1173 904 1222 (3),
934 1172 1117 1210 luculente
1146 1173 1319 1210 disseret:

346 1227 429 1273 Ipse
457 1226 653 1273 explicabit
681 1237 770 1273 quos
800 1237 969 1273 supremo
997 1226 1127 1272 spiritu
1160 1227 1218 1273 (4)

346 1281 509 1316 Daemon
536 1279 731 1325 tumultus,
764 1279 848 1316 dum
877 1279 1059 1325 domatur,
1091 1279 1258 1325 moverit,

346 1334 478 1370 Furore
506 1333 620 1379 pestis
650 1332 747 1379 peior
775 1332 813 1369 in
843 1332 1055 1370 novissimo.
1316 1332 1365 1369 25

398 1403 456 1440 Sic
483 1403 697 1440 vulneratus
726 1402 859 1449 anguis
888 1402 962 1440 ictu
992 1402 1124 1449 spiculi

346 1457 495 1494 Ferrum
523 1456 715 1501 remordet,
744 1457 780 1492 et
809 1455 928 1492 dolore
957 1455 1111 1501 saevior,

346 1509 560 1553 Quassando
588 1508 723 1556 pressis
750 1508 959 1546 immolatur
985 1509 1178 1546 dentibus:

348 1562 491 1599 Hastile
520 1562 632 1599 fixum
660 1562 723 1599 sed
750 1563 874 1599 manet
901 1561 1138 1608 profundius3

348 1617 421 1653 Noc
451 1627 556 1652 cassa
585 1615 697 1652 sentit
724 1626 910 1652 morsuum
937 1614 1112 1662 pericula.
1317 1616 1366 1653 30

305 1799 347 1837 (1)
366 1799 527 1837 plectrum
549 1798 667 1836 palati.
693 1798 853 1834 Linguam.
880 1798 914 1829 V.
933 1799 1023 1829 TvLL.
1048 1799 1125 1828 Nat.
1150 1799 1244 1830 Deor.
1263 1799 1303 1834 ΙΙ,
1328 1800 1367 1829 59

243 1841 271 1870 in
296 1842 346 1869 fin.

304 1895 347 1931 (2)
372 1894 580 1931 Evanydisffl
602 1893 731 1924 ΜΑΤΤΗ.
756 1893 795 1924 X.

306 1946 349 1984 (3)
373 1948 444 1975 Mea
468 1947 584 1984 linqua
608 1947 770 1977 Clu-istu&
796 1946 935 1976 Christus
971 1954 1024 1984 per
1051 1945 1228 1984 epexegesim
1251 1945 1288 1975 ad
1310 1945 1365 1975 lin·

241 1997 331 2024 guam
355 1988 496 2018 refertur.

305 2041 348 2077 (4)
370 2050 519 2079 supremo
539 2042 674 2079 spiritu.
698 2040 759 2071 Sub
774 2040 1009 2078 oppugnationis
1031 2040 1133 2076 finem,
1149 2047 1226 2076 quae
1248 2039 1367 2070 decima

242 2084 427 2112 memoratur
449 2083 480 2112 in
503 2082 706 2119 ChristianOS,
723 2083 755 2112 et
768 2083 923 2121 postrema
944 2082 1020 2119 fuit,
1042 2082 1212 2119 imperante
1233 2081 1354 2112 Galerio
