1450 2537
164 85 213 125 70

269 1196 291 1216 «

542 96 693 124 AVRELII
720 96 864 124 PRVDEN
867 95 918 123 '1¹11

376 210 513 248 Altrice
541 212 591 257 te,
622 220 762 248 summo
791 208 894 247 Patri

323 265 438 302 Heres
465 265 609 302 creatur
634 263 780 308 unicus,

322 317 440 354 Homo
468 329 510 354 ex
537 315 717 354 Tonantis
743 314 894 362 Spiritu,

321 370 494 418 Idemque
522 369 590 407 sub
617 368 787 406 membris
815 368 927 406 Deus.

335 483 341 488 ,
376 440 486 477 Hunc
513 440 549 477 et
576 438 768 486 Prophetis
794 438 965 485 testibus,

323 493 516 541 Isdemque
545 491 810 540 signatoribus,

320 547 488 584 Testator
513 547 550 584 et
577 547 678 583 sator
704 544 805 583 iubet

321 599 434 637 Adire
461 610 615 647 regnum
643 600 679 636 et
706 609 849 636 cernere
880 597 960 646 (1):

374 670 558 717 Regnum,
589 669 685 717 quod
713 668 829 707 ambit
856 669 979 707 omnia

320 723 406 768 Dia,
437 724 473 760 et
499 722 657 769 marina,
688 724 725 760 et
750 724 881 768 terrea,

319 777 352 812 A
382 775 470 813 solis
497 777 578 814 ortu
606 776 653 813 ad
681 776 832 821 exitum,

319 829 368 866 Et
394 830 548 876 tartara,
579 831 617 867 et
643 829 784 867 caelum
813 840 936 876 supra.

374 899 489 937 Audit
515 900 696 948 tyrannus
724 899 856 937 anxius

320 953 458 990 Adesse
486 964 613 1000 regum
640 952 855 1000 principem,

319 1006 388 1050 Qui
416 1017 547 1043 nomen
575 1006 691 1043 Israel
719 1007 837 1053 regat,

320 1059 527 1107 Teneatque
554 1059 675 1097 David
703 1059 861 1107 regiam.

373 1129 566 1167 Exclamat
592 1141 719 1167 amens
748 1129 901 1168 nuntio:

321 1182 510 1220 Successor
537 1182 677 1229 instat3
708 1183 896 1231 pellimur!

321 1235 488 1282 Satelles,
518 1235 547 1282 i,
576 1235 714 1274 ferrum
740 1248 842 1283 rape,

321 1288 503 1327 Perfunde
530 1300 646 1327 cunas
674 1290 869 1337 sanguine.

373 1360 456 1397 Mas
483 1359 603 1398 omnis
632 1359 758 1398 infans
786 1359 942 1407 occidat,

320 1413 487 1450 Scrutare
515 1412 701 1451 nutricum
729 1413 860 1459 sinus;

320 1466 493 1513 Interque
520 1467 688 1504 materna
714 1466 826 1504 ubera

320 1519 456 1556 Ensem
484 1520 650 1558 cruentet
675 1519 795 1568 pusio.

375 1590 549 1637 Suspecta
575 1601 639 1638 per
666 1590 834 1628 Bethlem
861 1589 953 1628 mihi

322 1643 585 1690 Puerperarum
613 1645 669 1681 est
697 1643 858 1681 omnium

319 1696 450 1743 Fraus,
479 1707 599 1745 nequa
627 1696 760 1734 furtim
789 1696 984 1734 subtrahat

322 1748 466 1786 Prolem
493 1749 611 1788 virilis
638 1749 774 1788 indolis
803 1762 841 1787 ».

373 1819 576 1868 Transfigit
602 1831 688 1868 ergo
716 1820 892 1869 carnifex,

321 1873 493 1911 Mucrone
520 1873 686 1912 districto
714 1873 855 1922 furens,

1241 440 1290 478 85

1241 724 1291 761 90

1241 1007 1289 1044 95

1214 1288 1289 1327 100

1215 1589 1290 1628 105

1214 1872 1291 1912 110

227 2017 272 2057 (1)
295 2027 439 2049 cernere:
462 2019 574 2050 iudicis
595 2021 700 2059 partes
721 2019 884 2056 sustinere,
908 2019 1057 2050 iudicium
1079 2027 1229 2050 exercere.
