1502 2537
454 169 736 197 CATHEMBRINON
766 169 845 196 nYM
857 169 925 196 st
954 169 1007 196 Vll
1252 160 1270 196 4
1279 161 1300 195 5

275 282 355 320 Hoc
383 293 449 320 nos
477 294 669 330 sequamur
696 282 847 331 quisque
875 294 973 320 nunc
1002 294 1064 329 pro
1093 282 1245 328 viribus,

221 336 329 381 Quod-
351 336 551 373 consecrati
580 338 635 380 tu,
667 336 841 383 magister
870 336 1068 380 damnatis,

221 388 310 425 Tuis
338 388 486 434 dedisti,
518 389 674 434 Christe,
705 389 957 429 sectatoribus,

224 441 285 485 Ut,
316 453 427 489 quum
456 442 607 479 vorandi
636 442 762 480 vicerit
791 442 848 489 (1)
877 441 1078 486 libidinem,

222 494 310 531 Late
339 494 538 542 triumphet
565 495 759 542 imperator
787 494 949 541 spiritus.
1226 496 1300 530 200

275 548 354 585 Hoc
382 550 450 591 est,
482 547 576 595 quod
605 548 675 585 atri
704 548 796 585 livor
824 547 939 585 hostis
969 546 1122 593 invidet,

222 600 351 637 Mundi
379 600 520 648 polique
550 601 643 648 quod
672 601 892 647 gubernator
920 601 1062 647 probat,

222 652 362 690 Altaris
390 664 491 690 aram
521 654 578 700 (2)
609 654 704 701 qued
733 653 821 691 facit
849 653 1078 700 placabilem,

220 705 323 750 Quod
351 705 561 744 dormientis
589 707 723 743 excitat
750 706 867 744 cordis
896 706 1017 752 fidem,

221 758 323 804 Quod
351 758 457 795 limat
484 770 631 806 aeg-ram
659 759 813 806 pectoris
841 759 1060 805 rubiginem.
1225 759 1300 796 205

275 811 426 849 Perfusa
455 823 527 849 non
557 812 609 849 sic
636 823 742 849 amne
771 812 918 848 flamma
945 812 1184 859 extinguitur,

222 864 299 902 Nec
328 864 394 909 sic,
426 864 566 902 calente
595 865 684 911 sole,
715 865 908 902 tabescunt
936 865 1054 911 nives,

221 917 272 954 Ut
299 917 526 955 turbidarum
555 918 684 955 scabra
711 918 899 965 culparum
928 929 1031 966 seges

223 970 395 1007 Vanescit
421 970 516 1008 almo
542 971 631 1008 trita
659 971 726 1008 sub
754 971 901 1016 ieiunio,

221 1023 258 1060 Si
286 1023 422 1060 blanda
449 1035 588 1071 semper
615 1023 810 1061 misceatur
837 1023 991 1071 largitas
1021 1024 1093 1071 (3).
1224 1022 1300 1061 210

274 1076 342 1113 Est
369 1076 499 1123 quippe
528 1079 564 1114 et
592 1076 682 1114 illud
710 1077 847 1124 grande
877 1076 1022 1114 virtutis
1051 1087 1168 1124 genus

222 1128 368 1176 Operire
396 1129 527 1175 nudos,
558 1129 766 1177 indigentes
793 1141 955 1176 pascere,

221 1181 334 1229 Opem
362 1181 559 1230 benignam
589 1183 679 1220 ferre
708 1182 1019 1230 supplicantibus,

221 1235 355 1280 Unam,
386 1246 578 1283 paremque
607 1235 714 1273 sortis
743 1236 922 1272 humanae
950 1234 1064 1272 vicem

220 1287 323 1325 Inter
350 1289 514 1334 potentes
541 1289 649 1336 atque
677 1299 809 1336 egenos
837 1288 977 1326 ducere.
1224 1287 1298 1325 215

273 1341 370 1378 Satis
395 1341 524 1379 beatus
551 1341 702 1389 quisque
730 1341 892 1378 dextram
919 1340 1073 1388 porrigit

220 1393 358 1432 Laudis
386 1405 567 1441 rapacem,
597 1394 785 1442 prodigam
814 1395 1001 1441 pecuniae,

221 1447 332 1484 Cuius
360 1447 511 1485 sinistra
539 1447 641 1484 dulce
669 1447 806 1485 factum
835 1447 974 1485 nesciat
1004 1446 1085 1494 (4):

220 1499 332 1537 Illum
360 1511 535 1547 perennes
562 1500 728 1548 protinus
755 1500 936 1547 complent
963 1511 1061 1546 opes,

221 1551 395 1600 Ditatque
421 1553 562 1591 fructus
590 1552 835 1590 foenerantem
863 1552 1067 1600 centuplex.
1224 1554 1298 1591 220

229 1674 274 1713 (1)
298 1676 418 1705 vicerit.
440 1675 464 1705 E
482 1675 609 1705 veterib.
626 1684 712 1711 mss,
741 1676 789 1705 eui
812 1675 937 1706 lectioni
960 1675 1121 1706 Wsrrzws
1148 1679 1181 1706 et
1217 1677 1298 1706 CHA-

167 1723 316 1746 mtmun.
339 1718 412 1746 sunt
432 1717 625 1754 adstipulati.
650 1717 798 1746 Humsrvs
819 1718 852 1746 et
867 1717 1054 1747 Cermmvs:
1072 1719 1218 1747 vicerint.
1237 1718 1298 1747 Nos

168 1757 216 1786 hic
231 1766 304 1795 prae
326 1758 500 1787 Bodoniana
515 1759 644 1795 priorem
658 1758 728 1788 lect.
745 1759 913 1794 sequimur,
927 1767 1016 1794 quam
1033 1759 1182 1789 describit
1195 1760 1297 1789 Gisst.

229 1810 274 1848 (2)
296 1811 427 1840 Altaris
446 1820 552 1840 aram.
576 1811 618 1840 De
640 1811 820 1840 discrimine
837 1811 917 1840 inter
932 1819 1017 1840 aram
1043 1813 1075 1841 et
1102 1812 1199 1841 altare
1216 1812 1298 1847 vide,

166 1851 219 1886 sis,
235 1851 365 1882 Avsonu
387 1853 525 1886 ΡοΡΜΑε,
543 1853 590 1881 De
611 1852 804 1889 differentiis
826 1852 944 1882 verbor.
962 1853 1118 1889 Augustae
1133 1849 1307 1883 Taurinor.'

166 1902 204 1922 cx
225 1893 303 1922 offic.
327 1893 475 1923 Asceterii
499 1893 593 1923 Sales.
617 1902 668 1922 an.
694 1900 864 1923 mucccrxv.

229 1945 273 1983 (3)
298 1946 334 1975 Si
354 1946 475 1975 blanda
497 1948 556 1976 etc.
580 1946 610 1976 Si
627 1946 784 1982 lautiores,
803 1947 833 1975 in
852 1946 934 1976 feriis
949 1947 1131 1976 esurialibns
1155 1947 1296 1984 parciore

167 1995 270 2016 mensa
285 1988 343 2021 usi,
359 1988 517 2023 egentibus
531 1987 646 2023 largius
660 1989 849 2017 succurrant.
869 1989 909 2018 De
927 1988 983 2018 hae
1001 1998 1031 2018 re
1050 1988 1083 2018 V.
1100 1987 1133 2019 S.
1152 1988 1292 2018 Avovsr.

168 2027 264 2059 Serm.
287 2028 401 2065 XVIII,
424 2030 470 2058 De
496 2030 656 2066 Tempore.

232 2081 277 2121 (4)
300 2083 430 2112 nescim.
456 2082 491 2113 V.
515 2082 546 2113 S.
571 2083 698 2112 ΜΑΤΤΗ.
725 2081 768 2113 vI.
793 2082 824 2112 3.
