1502 2537
326 164 437 201 ΠΕΡΙ
465 164 724 200 ΣΊῈΦΑΝΩΝ
755 171 906 200 urmws
929 172 972 199 111

268 286 319 325 Et
344 287 469 324 tamen
499 288 577 334 ipse
604 284 720 324 cliens
748 284 928 332 lapidum,
961 283 1022 333 (1)

271 339 491 384 Prostituat,
523 339 723 386 voveatque
751 338 830 376 suis

270 392 498 430 Numinibus
524 394 636 439 caput
662 391 739 439 ipse
768 402 890 429 suum.

276 446 423 483 Pectora
449 456 514 483 cur
540 455 718 493 generosa
747 443 807 492 (2)
828 443 975 492 quatit?
1192 444 1240 480 85

326 510 409 548 Dux
436 509 554 547 bonus
584 508 658 557 (3),
689 508 824 546 arbiter
852 507 1021 556 egregius

271 562 458 611 Sanguine
487 562 652 609 pascitur
681 562 860 606 innocuo;

271 615 560 663 Corporibusque
589 615 660 662 piis
688 614 853 660 inhians,

0 694 14 725 ‚
274 669 421 706 Viscera
449 667 571 706 sobria
599 667 790 712 dilacerat,

0 728 18 846 ἱ
270 722 414 760 Gaudet
441 723 477 758 et
503 720 710 758 excruciare
744 720 867 767 fidem,
1189 719 1239 757 90

9 804 29 819 tl

27 820 32 825 .
319 787 417 833 Ergo
444 797 528 833 age,
558 786 689 830 tortor,
720 785 844 830 adure,
875 796 973 831 seca,

12 842 17 846 ’
268 838 399 877 Divide
428 838 591 875 membra
620 839 748 875 coacta
774 837 867 875 luto.

0 850 18 1014 ι
269 891 414 930 Solvere
442 902 517 929 rem
547 890 718 938 fragilem
748 890 856 928 facile
884 891 955 937 est,

263 944 349 982 Non
377 943 630 991 penetrabitur
659 943 810 981 interior

0 1036 13 1055 a
267 997 492 1046 Exagitante
519 996 640 1035 dolore
669 995 831 1035 animus.
867 1009 889 1031 »
919 1016 972 1023 —-·
1185 996 1235 1034 95

105 1125 232 1165 Imperii
252 1125 398 1163 collegam
412 1125 472 1156 sibi
495 1124 640 1160 adscivit.
657 1124 706 1154 cui
721 1124 890 1155 occidentis
905 1124 1080 1163 provincias
1094 1125 1240 1161 regendas

0 1166 13 1213 Q
106 1173 251 1204 tradidit.
272 1173 331 1203 Hic
354 1172 519 1204 Mediolani
541 1171 711 1207 habitavit,
741 1173 774 1202 et
795 1172 995 1203 crudelitatis
1019 1171 1240 1202 dioclesianeae

0 1238 10 1270 ἴ,
105 1219 241 1251 aemulus
256 1220 287 1250 in
300 1219 492 1251 Christianos
506 1219 610 1249 odium
623 1227 711 1248 suum
727 1219 908 1256 inexplebile
926 1219 1096 1254 convertit;
1119 1219 1240 1249 seilicet

0 1275 8 1295 b
104 1268 260 1306 putabant
278 1275 311 1298 se
332 1268 454 1297 omnino
468 1266 585 1298 Christi
600 1265 751 1296 doctrinis
773 1266 913 1296 addictos
935 1267 974 1296 ab
988 1267 1086 1304 stirpe
1101 1266 1238 1296 eradica-

105 1316 203 1345 turos.
225 1315 371 1345 Praestat
385 1313 436 1344 hic
458 1313 690 1351 inscriptionem
706 1312 739 1342 in
760 1313 894 1343 medium
910 1313 1042 1350 adferre,
1057 1321 1076 1342 a
1090 1313 1238 1344 Gnv'reno

105 1361 187 1400 apud
205 1361 358 1402 Hispanos
379 1364 546 1401 repertam,
570 1369 649 1399 quae
671 1361 879 1392 huiuscemodi
901 1362 965 1392 est:

0 1421 10 1444 r

433 1427 661 1458 Dioclesianue
684 1450 692 1458 .
716 1427 827 1456 Iovius·
853 1449 860 1457 .
877 1428 908 1455 et

469 1474 672 1504 Maximian.
694 1473 877 1504 Herculeus

565 1520 653 1551 Caes.
676 1530 776 1559 away.

440 1568 650 1607 Amplificato
675 1591 682 1598 .
700 1577 764 1606 per
788 1590 795 1598 .
818 1568 909 1597 orion

490 1618 550 1645 tem
574 1638 581 1645 .
604 1617 634 1645 et
654 1615 844 1645 occidentem

577 1663 657 1701 imp.
680 1671 761 1693 rom.

402 1714 431 1742 et
456 1734 462 1741 .
486 1711 614 1740 nomine
639 1732 646 1740 .
671 1709 936 1740 Christianmmn

443 1757 542 1788 deleto
567 1780 574 1787 .
597 1758 655 1796 qui
681 1779 688 1786 .
712 1765 814 1796 remp.
837 1766 908 1786 ever

620 1805 727 1835 tebant
761 1821 763 1824 ⁴

167 1874 212 1915 (1)
235 1876 335 1906 cliens
367 1875 530 1914 lapidum.
554 1875 654 1906 Cliens
684 1874 810 1910 transL,
833 1874 884 1911 qui
915 1875 947 1904 in
977 1874 1149 1912 cuiuspiam
1180 1883 1233 1904 nu-

102 1923 195 1955 minis
215 1923 304 1954 fidem
323 1932 357 1953 se
379 1922 517 1953 collocat.
541 1922 577 1953 V.
602 1922 682 1952 Hon.
706 1922 763 1959 Ep,
780 1922 822 1956 11,
840 1922 870 1955 2,
898 1922 953 1951 78:
977 1924 1009 1951 et
1031 1923 1137 1953 MART.
1160 1922 1234 1957 XII,

103 1972 155 2002 77.
177 1987 217 1992 -
238 1970 366 2008 Lapidei
389 1971 493 2000 autem
516 1969 694 2007 plerumque
716 1969 760 1999 dii
783 1969 1016 2005 effingebantur.

166 2022 212 2063 (2)
230 2032 395 2062 qenerosa.
411 2022 668 2054 Christianorum.

165 2074 211 2116 (3)
233 2076 315 2106 Dux
344 2075 456 2106 bonus.
492 2073 674 2120 εἶρονικῶς.

8 2042 33 2107 5

10 2130 26 2199 3

137 2155 170 2186 A.
190 2155 347 2184 Pmnm
368 2155 466 2193 Opera.
1145 2157 1162 2184 ὅ
