1450 2537
225 90 249 128 6
543 107 545 109 ·
601 97 751 125 Avitum
777 85 977 123 annim‘rn

435 214 598 259 Auferte,
628 212 777 257 clamat,
806 210 958 248 lectulos
1322 208 1345 246 5

387 269 537 314 Aegros,
568 277 729 313 soporos,
761 264 900 301 desides
930 263 1009 311 (1);

384 320 568 367 Castique,
598 318 700 363 recti,
733 328 774 354 ac
803 315 913 354 sobrii

383 372 566 420 Vigilate:
597 371 669 408 iam
698 381 778 408 sum
806 368 1003 416 proximus.

437 426 525 463 Post
553 424 639 462 solis
668 425 785 461 ortum
813 421 945 469 fulgidi
1339 466 1343 468 .

383 479 506 515 Serum
534 479 590 514 est
616 476 732 514 cubile
760 486 926 522 spernere
942 503 950 519 ,
1296 471 1346 510 10

383 530 434 568 Ni
462 532 564 577 parte
592 528 709 566 noctis
737 528 877 573 addita,

383 585 539 630 Tempus
566 581 682 619 labori
710 581 897 618 adieceris.

436 637 515 673 Vox
543 635 629 680 ista,
661 646 733 681 qua
761 635 927 680 strepunt
955 644 1055 677 avc-s,

383 690 528 726 Stantes
556 688 623 726 sub
652 688 729 735 ipso
757 686 914 724 culmine
945 687 1017 731 (2),

384 742 512 780 Paullo
541 743 626 778 ante
654 752 762 788 quam
790 739 854 776 lux
881 739 1022 784 emicet,
1297 736 1345 775 15

383 794 511 832 Nostri
538 795 657 842 figura
685 795 740 830 est
767 792 910 829 iudicis.

435 849 562 885 Tectos
589 846 748 884 tenebris
776 845 946 889 horridis,

383 900 583 948 Stratisque
612 900 754 946 opertos
782 898 970 947 segnibus,

384 954 517 991 Suadet
544 952 699 1000 quietem
726 951 888 998 linquere

383 1007 608 1053 Iamiamque
636 1006 788 1042 venturo
816 1004 896 1049 die3
1298 1002 1349 1040 ‘20

435 1060 500 1105 Ut,
531 1070 642 1107 quum
669 1057 829 1096 coruscis
855 1056 1006 1094 flatibus

384 1114 526 1150 Aurora
553 1111 692 1149 caelum
721 1109 909 1158 sparserit,

385 1166 519 1204 Omnes
547 1165 669 1202 labore
697 1163 869 1201 exercitos

387 1219 582 1256 Confirmet
609 1217 656 1255 ad
685 1228 785 1265 spem
811 1215 975 1253 luminis.

439 1271 510 1309 Hic
539 1282 702 1316 somnus,
733 1270 781 1307 ad
806 1271 949 1316 tempus
978 1268 1101 1315 datus,
1299 1268 1348 1305 25

386 1326 454 1363 Est
480 1324 596 1362 forma
624 1323 751 1361 mortis
778 1322 959 1370 perpetis:

388 1379 557 1423 Peccata,
589 1389 653 1415 ceu
680 1387 753 1414 nox
780 1375 940 1421 horrida,

387 1432 531 1479 Cogunt
557 1431 672 1468 iacere
700 1441 743 1467 ac
771 1429 932 1467 stertere.

440 1484 509 1521 Sed
535 1494 605 1521 vox
632 1483 678 1520 ab
706 1482 781 1519 alto
809 1481 966 1519 culmine

388 1536 521 1574 Christi
552 1535 713 1574 docentis
742 1535 964 1582 praemonet,
1303 1532 1354 1569 30

387 1590 526 1628 Adesse
554 1589 628 1626 iam
654 1589 771 1626 lucem
799 1598 922 1635 prope,

387 1644 444 1681 Ne
472 1654 575 1680 mens
603 1642 722 1689 sopori
750 1640 912 1685 serviat;

441 1696 498 1733 Ne
526 1707 674 1733 somnus
702 1706 816 1742 usque
843 1694 890 1731 ad
917 1692 1092 1730 terminos

387 1749 494 1788 Vitae
522 1749 680 1787 socordis
710 1746 891 1795 opprimat

388 1803 520 1840 Pectus
547 1801 731 1849 sepultum
758 1799 922 1846 crimine,
1305 1797 1356 1835 35

388 1855 437 1892 Et
462 1854 555 1892 lucis
583 1854 735 1893 oblitum
765 1865 865 1891 suae.

273 1944 317 1982 (1)
341 1944 541 1979 desides,etc.
550 1943 606 1982 Qui
616 1952 668 1972 nos
676 1942 881 1979 aegritudine,
889 1939 1178 1978 soporedesidiaque
1189 1948 1254 1969 com
1258 1938 1356 1976 pient.

275 1987 319 2024 (2)
344 1987 472 2015 Stantes
502 1985 559 2014 sub
593 1986 662 2022 ipso
693 1985 846 2013 culmine.
870 1983 907 2013 V.
931 1983 1022 2013 VIRG.
1046 1983 1128 2011 Aen.
1161 1981 1246 2018 VIII,
1275 1981 1354 2010 456:

232 2028 384 2059 Ancum.
407 2027 533 2057 Parati.
556 2026 676 2062 XXIH,
699 2027 716 2056 7
739 2028 771 2055 et
792 2032 877 2061 seqq.
