1450 2537
207 140 281 178 194
581 147 730 176 ,1111111111
757 146 957 174 anonnru

364 263 442 299 Noc
470 261 598 307 distat,
630 260 730 308 ignis
757 260 794 296 et
821 259 964 297 fidiclae
994 259 1051 307 (1)
1083 261 1263 307 saeviant,

313 317 372 352 An
401 326 530 361 corpus
558 324 708 361 aegrum
736 312 893 359 languor
919 317 1027 359 ‘asper
1054 315 1235 360 torqueat,

311 370 429 413 Quum
458 379 563 413 saepo
592 367 734 403 morbos
762 366 877 402 maior
904 367 1020 403 armet
1048 366 1208 404 saevitas
1238 366 1311 415 (2).

311 422 346 458 N
350 432 396 457 on
423 420 646 467 ungularum
674 419 781 455 tanta
809 418 864 455 vis
891 418 990 455 latus
1018 418 1112 456 fodit

312 475 498 518 Mucmno,
530 473 666 520 quanto
696 471 775 507 dira
802 471 926 518 pulsat
953 471 1135 518 pleurisis.
1259 472 1335 510 485

365 528 441 563 Nec
470 526 519 563 sit
546 526 671 562 inusta
698 524 846 561 laminis
874 524 977 561 ardet
1004 525 1113 571 cutis,

313 581 361 616 Ut
389 578 500 616 febris
529 580 607 615 atro
635 577 718 614 folle
747 588 859 614 venas
887 577 1027 623 exodIt3

312 633 378 669 Vel
409 643 551 668 summa
577 630 684 677 pellis
712 629 811 677 ignis
840 630 1017 668 obductus
1045 630 1182 678 coquit,

312 685 544 731 Papulasque
574 683 632 731 (3)
662 683 780 720 fervor
808 684 998 720 aestuosus
1029 684 1186 721 excitat:

314 738 446 775 Credas
474 736 626 774 cremari
653 735 820 773 stridulis
848 737 1068 774 cautmibus.
1259 737 1335 774 490

364 790 539 827 Miserum
567 789 720 836 putatis,
752 788 849 835 quod
876 789 1020 826 retortis
1048 789 1186 836 pendeo

312 845 493 881 Extentus
520 842 635 888 ulnis,
666 841 761 889 quod
789 842 1012 879 revelluntur
1040 842 1162 889 pedes,

313 898 496 943 compago
524 895 647 933 nervis
675 895 771 942 quod
800 896 907 932 sonat
935 895 1192 942 crepantibus:

313 950 370 987 Sic
399 949 578 986 eiulantes
607 959 690 985 ossa
718 948 882 985 clamant
909 948 1037 994 dividi,

313 1003 462 1040 Nodosa
479 1002 650 1049 torquent
670 1012 759 1048 quos
779 1001 956 1048 podagra,
979 1004 1015 1038 et
1033 1001 1216 1039 arthrisis.
1250 1000 1308 1049 (4)

366 1055 530 1092 Horretis
560 1065 684 1092 omnes
712 1054 820 1090 hasce
849 1055 1060 1092 carnificum
1089 1065 1231 1092 manus.
1260 1055 1336 1092 496

313 1110 411 1145 Num
440 1108 600 1146 mitiores
629 1107 717 1144 sunt
743 1118 875 1144 manus
903 1107 1139 1151 medentium,

314 1162 478 1199 Laniena
509 1161 566 1209 (5)
595 1159 742 1208 quando
770 1160 888 1197 saevit
916 1161 1204 1208 Hippocratica?

268 1292 312 1330 (1)
334 1291 462 1327 fidiclae
483 1291 530 1320 est
549 1299 634 1327 sync.
658 1290 863 1328 prudentiane.
881 1298 934 1326 pro
950 1289 1102 1320 fidiculae.
1123 1289 1174 1328 (V.
1192 1292 1225 1319 et
1246 1290 1335 1328 550).

209 1333 363 1362 Fidiculae
374 1341 481 1361 nomen
493 1332 684 1361 deminutum
697 1340 715 1360 a
727 1331 806 1368 fides
819 1331 958 1367 fidium,·
969 1336 1100 1367 sumque
1111 1331 1183 1360 fides
1196 1332 1338 1367 funiculi,

208 1384 259 1403 seu
281 1374 383 1408 nervi;
402 1374 471 1402 hinc
487 1382 540 1411 pro
555 1382 651 1410 parva
666 1372 800 1403 cithara.
819 1372 878 1402 Sed
893 1373 974 1401 enim
990 1372 1140 1401 translate
1156 1373 1235 1410 apud
1251 1372 1339 1402 Chri-

208 1416 324 1444 stianos
346 1415 508 1444 historicos
540 1414 756 1450 intelliguntur
781 1413 866 1443 nervi
889 1413 953 1447 illi,
977 1422 1030 1442 seu
1065 1412 1204 1449 funiculi,
1229 1415 1338 1450 quibus

209 1458 291 1485 arcte
307 1456 587 1492 constringerentur
603 1465 639 1484 ac
654 1456 868 1491 torquerentur
890 1456 934 1484 roi
951 1454 1095 1483 catholici
1119 1455 1251 1484 nominis
1272 1456 1338 1485 sive

210 1499 239 1526 in
262 1498 378 1533 aculeo,
400 1498 463 1526 sivo
479 1497 652 1531 afiomodo:
667 1505 762 1532 neque
775 1497 879 1525 tamen
891 1496 1006 1525 Isidoro
1030 1495 1082 1534 (V.
1103 1495 1187 1531 Orig.
1211 1497 1263 1533 27)
1284 1497 1335 1526 1111-
1363 1518 1366 1519 ⁷

208 1540 366 1574 sentimur,
381 1539 431 1574 qui
442 1539 595 1575 fidiculas
607 1538 676 1567 inde
691 1538 790 1567 dictas
802 1545 865 1566 esse
881 1537 1050 1571 contendit,
1067 1547 1084 1563 ‹<
1099 1537 1175 1572 quod
1192 1537 1231 1566 iis
1246 1538 1289 1567 rei
1306 1538 1336 1567 in
1368 1559 1373 1563 .

209 1580 311 1610 aculeo
334 1582 535 1615 torqueantur
557 1581 592 1608 ut
605 1579 684 1616 fides
707 1579 895 1608 inveniatur.
921 1589 936 1603 »
955 1578 998 1607 Re
1025 1578 1106 1607 6111111
1124 1587 1196 1608 vera
1217 1579 1336 1609 SENECA
1358 1610 1364 1616 ,
1406 1581 1411 1587 ’

210 1623 268 1657 (De
291 1623 361 1656 Ira,
385 1622 442 1656 III,
459 1620 493 1659 3)
517 1620 655 1650 fidiculas
679 1621 717 1649 ab
740 1620 843 1649 aculeo
866 1620 972 1656 aperte
993 1619 1171 1655 distinguit.

271 1662 316 1700 (2)
338 1664 488 1697 saevitas,
506 1662 662 1691 Wm'rzws
684 1663 716 1691 et
737 1661 896 1691 Hfflnsrvs.
911 1677 949 1682 —-
972 1660 1047 1696 Alii,
1063 1661 1202 1690 omnibus
1218 1661 1335 1692 Vatiec.

209 1705 478 1738 consentientibus,
500 1705 647 1733 saevitia.

274 1744 323 1783 (3)
342 1745 497 1784 papulas.
530 1745 646 1782 Papula
677 1745 724 1773 est
752 1743 963 1778 tuberculum,
986 1743 1109 1780 pustula
1131 1743 1162 1772 in
1195 1745 1264 1773 cute
1287 1751 1336 1772 ex-

209 1786 307 1817 stans,
332 1787 367 1817 V.
393 1787 478 1817 CELs.
513 1786 549 1815 V.
585 1787 636 1822 28,
659 1785 698 1816 N.
725 1785 773 1816 18.
806 1802 844 1806 —
868 1785 1063 1815 cauteribus.
1087 1784 1130 1814 De
1161 1785 1338 1814 cauteribus

210 1828 272 1858 Cfr.
296 1828 401 1865 hymn.
426 1828 581 1863 quintum,
605 1827 636 1859 S.
661 1827 748 1857 Vino.
774 1826 845 1857 230.

275 1869 318 1906 (4)
341 1869 519 1905 Arthrisis,
543 1869 623 1898 idem
645 1868 723 1904 quod
739 1868 906 1903 arthritis,
928 1867 976 1896 est
998 1866 1193 1896 articulorum
1216 1867 1338 1896 morbus

211 1910 363 1945 vulgatus,
387 1911 472 1939 cuius
493 1911 566 1939 sunt
587 1911 701 1947 species
724 1910 890 1947 chii-aym,
908 1908 1060 1947 podayra
1075 1909 1108 1938 et
1122 1908 1253 1939 ischias.

271 1952 314 1989 (5)
336 1953 485 1981 Laniena
506 1952 752 1989 Hippocratica.
784 1950 909 1988 Quando
940 1949 1138 1987 Hippocratis
1170 1950 1338 1978 sectatores

211 1992 363 2028 forficulis,
379 1993 530 2030 scalpellis
552 1994 644 2022 rect-is
667 1993 723 2022 aut
743 1991 891 2027 recurvis,
907 1991 1046 2020 sericulis
1062 1990 1181 2026 alioque
1197 1990 1228 2019 id
1243 1998 1338 2025 genus

212 2036 412 2063 instrumento
438 2035 610 2069 chirurgico
643 2043 658 2063 0
690 2034 864 2071 corporibus
886 2033 1006 2062 morbos
1032 2031 1188 2070 depellunt
1203 2054 1210 2068 ‚
1235 2032 1338 2069 partes

212 2075 352 2112 infectas,
376 2077 430 2104 aut
452 2076 567 2105 lacoras
589 2077 695 2105 scwant
718 2076 881 2111 uruntque.
