1502 2537
372 170 659 199 GATHfflERmON
689 170 840 198 arms
868 171 911 198 m
1172 162 1220 200 17

246 284 391 323 Sumere
419 296 529 332 quum
557 285 680 322 monet
705 284 795 322 hora
823 283 958 330 cibum,

245 338 397 383 Nostra,
429 338 540 385 Deus,
571 339 678 376 canet
704 337 895 375 harmonia
925 337 999 386 (1).
1171 341 1220 377 90

299 391 402 437 Quod
429 391 523 428 calet
550 391 688 428 halitus
715 391 878 436 interior,

247 444 359 482 Corde
387 444 483 492 quod
510 444 635 481 abdita
662 455 756 481 vena
782 443 920 491 tremit,

210 538 214 541 ,
247 497 377 535 Pulsat
403 499 440 535 et
467 497 580 535 incita
608 497 704 545 quod
731 507 898 535 resonam

248 549 394 598 Lingua
421 550 489 588 sub
517 561 575 588 ore
603 550 723 588 latens
751 561 915 596 caveam,

247 604 344 641 Laus
371 603 492 650 superi
522 603 643 641 Patris
671 604 747 641 osto
775 603 879 640 mihi.
1169 603 1217 640 95

299 656 378 693 Nos
406 655 520 703 igitur
547 658 626 700 tna,
657 656 803 702 Sancte,
825 667 958 695 manus
989 655 1048 705 (2)

246 708 411 756 Caespite
440 709 652 756 composuit»
663 709 830 755 madido,

246 761 411 810 Effigiem
440 762 615 800 meditata
643 773 747 799 suam
777 762 863 812 (3);

245 815 364 863 thue
391 814 484 853 foret
509 816 592 852 rata
619 814 788 853 materies

246 867 380 914 Flavit,
411 869 448 905 et
474 867 609 905 indidit
635 878 694 905 ore
722 868 898 906 animam.
1145 867 1219 906 100

296 920 399 958 Tunc
425 932 488 968 per
515 931 668 959 amoena
694 920 810 959 vireta
838 921 938 960 iubet

245 973 493 1012 Frondioomis
520 974 685 1012 habitare
711 973 803 1012 locis
816 1003 825 1020 ,

245 1026 319 1064 Ver
344 1026 408 1064 ubi
434 1028 646 1074 perpetuum
674 1026 824 1074 redolet,

246 1080 428 1127 Prataque
456 1079 683 1118 multicolora
709 1080 808 1118 latex

243 1132 454 1179 Quadrifluo
481 1132 574 1171 celer
601 1144 707 1171 amne
733 1132 846 1181 rigat.
1144 1132 1217 1173 105

296 1185 399 1224 Haeo
425 1185 494 1223 tibi
521 1197 620 1224 nuno
648 1185 886 1233 famulentur,
917 1186 992 1225 ait:

245 1238 381 1277 Usibus
408 1238 531 1276 omnia
558 1239 648 1277 dedo
674 1239 773 1284 tuis3

244 1292 315 1330 Sed
340 1293 464 1330 tamen
491 1303 621 1340 aspera
648 1292 832 1331 mortifero

244 1345 374 1393 Stipite
400 1356 545 1393 carpere
571 1356 679 1394 poma
706 1347 801 1392 veto,

243 1398 313 1444 Qui
340 1398 458 1436 medio
485 1397 577 1436 viret
603 1398 643 1436 in
670 1409 826 1437 nemore.
1143 1398 1219 1437 110

296 1451 369 1489 Hic
397 1451 505 1489 draeo
531 1452 691 1499 perfidus
718 1451 873 1490 indocile

243 1503 411 1552 Virginis
438 1503 559 1542 inlicit
583 1504 789 1553 ingenium,

243 1556 295 1594 Ut
320 1557 457 1595 socium
484 1557 697 1596 malesuada
724 1558 842 1595 virum

243 1609 417 1648 Mandere
444 1611 591 1659 cogeret
615 1622 659 1648 ex
685 1611 824 1657 vetitis,

242 1663 332 1710 Ipsa
358 1663 439 1711 pari
466 1663 628 1711 peritura
655 1663 775 1702 modo.
1143 1662 1218 1701 115

147 1781 194 1819 (1)
216 1781 404 1811 harmonia.
428 1781 494 1810 Non
517 1782 640 1811 tantum
662 1781 820 1811 occidente
844 1781 919 1816 sole,
937 1781 1056 1812 saeculo
1071 1782 1096 1810 V
1118 1790 1220 1819 proces

84 1822 145 1853 Deo
169 1822 328 1852 faciebant
347 1822 557 1853 Christianam
585 1822 764 1859 religionem
791 1823 934 1860 professi,
962 1823 1014 1853 sed
1033 1823 1128 1853 etiam
1151 1826 1220 1860 post

84 1872 241 1902 vesperum
261 1865 293 1894 et
307 1866 400 1894 noctu
414 1864 598 1894 adorabant.
613 1863 676 1895 cfr.
697 1863 787 1894 Card.
806 1865 909 1900 Rom,
924 1865 972 1894 De
985 1865 1062 1895 Div.
1074 1865 1218 1894 Psalmo-

84 1906 153 1940 dia,
169 1905 185 1935 I
197 1906 231 1934 et
250 1912 336 1942 seqq.

148 1957 193 1997 (2)
210 1958 336 1988 Sancte.
356 1955 442 1990 Κατ’
461 1956 600 2003 ἐξοχὴν,
613 1957 724 1988 Sancte
739 1958 830 1988 Deus.
846 1975 882 1980 —
897 1958 1027 1997 Quidam
1044 1958 1131 1989 codd.
1149 1968 1216 1989 cum

87 2005 204 2036 Wm‘rz.
218 2008 332 2036 sancta
340 2015 354 2043 ‚·
368 2005 420 2036 sed
443 2014 502 2035 non
525 2007 607 2043 apte.

147 2058 193 2098 (3)
214 2059 379 2097 Effiqiem.
400 2061 458 2089 etc.
482 2059 651 2095 Imaginem
684 2058 757 2088 Filii
788 2059 849 2095 sui,
875 2059 927 2095 qui
960 2060 1040 2089 esset
1068 2061 1213 2090 venturus

85 2100 166 2130 inter
186 2100 329 2130 mortales
351 2100 483 2130 humano
506 2109 630 2138 corpore
652 2099 789 2130 indutum.

110 2175 144 2205 A.
164 2175 324 2204 annnnru
346 2175 445 2210 opera.
1057 2206 1061 2209 ,
1119 2175 1137 2205 2
