1502 2610
403 172 745 201 oomu'rmolavn
771 173 808 202 V.
835 173 1087 203 LANFRANCHH
1259 179 1321 207 xlx

192 305 436 341 [naum.
454 297 544 350 Qua
560 297 599 339 in
616 297 786 340 editione
802 298 1027 341 adornanda
1045 299 1205 355 insuper
1223 316 1318 345 usus

191 372 254 411 est
270 368 498 419 Bodleiano,
515 368 847 423 Rottendorphio,
865 369 1095 421 Nomsiano,
1123 373 1315 425 Putoano,

192 441 392 491 Thuaneo‚
409 439 685 491 Ambrosiam,
707 440 860 482 duobus
884 441 1131 494 Boherianis,
1149 444 1317 499 aliisque

190 513 345 569 septem
365 511 510 554 codice.
534 524 628 553 mss.
651 511 816 553 minoris
832 513 1036 554 momenti.
1055 513 1115 555 Ex
1137 514 1192 556 eis
1209 528 1313 566 vero,

190 595 293 638 quae
326 581 546 624 identidem
586 594 851 624 commemoro
891 583 932 624 in
972 583 1315 628 adnotatiunculis

133 651 136 654 ⁴
189 653 374 696 editionis
394 665 519 703 meae,
541 653 875 707 praestantissimi
892 653 1090 696 habentur
1111 655 1315 698 Puteanus

190 726 232 767 et
260 723 562 773 Ambrosianus,
595 737 842 778 quamquam
873 725 1013 766 mutili
1043 726 1189 780 oppido
1219 730 1315 768 sunt

188 797 231 838 et
258 795 498 838 detruncati.
531 795 819 837 Ambrosianus
867 795 1022 838 scilicet
1052 796 1210 838 saeculo
1240 809 1313 848 vn,

187 867 252 909 vel
282 878 355 908 viu
389 865 581 908 adscribit
616 866 844 908 Bernardus
875 866 1205 917 Montfauconus3
1245 869 1313 910 sed

187 937 394 979 Puteanus
415 936 465 978 ad
485 938 622 990 poetae
644 936 771 990 ipsius
791 939 969 979 aetatem
998 938 1138 980 referri
1167 939 1311 992 potest.

243 1008 355 1050 Haec
385 1008 536 1062 raptim
557 1007 744 1049 adnotavi
765 1008 812 1050 de
833 1008 1054 1062 potioribus
1075 1008 1229 1051 duobus
1251 1009 1313 1052 his

183 1079 410 1134 philologis,
433 1079 503 1133 qui
518 1079 738 1120 Prudentio
767 1078 965 1134 insignem
985 1079 1226 1122 industriam
1243 1093 1312 1134 po-

183 1153 363 1202 suerunt,
381 1150 544 1205 eiusque
560 1150 644 1204 pios
662 1163 810 1201 manes,
833 1153 881 1192 ut
897 1151 956 1192 ita
967 1151 1113 1202 dicam,
1125 1151 1312 1194 demeriti

182 1223 290 1264 sunt.
312 1221 495 1263 Paucula
514 1220 580 1262 hic
600 1220 812 1263 subiiciam
833 1221 880 1263 de
901 1221 1042 1264 multis
1057 1221 1309 1273 editionibus,

182 1305 283 1348 quae
313 1291 587 1342 bodonianam,
618 1292 862 1346 eandemque
883 1292 1066 1334 italicam
1095 1292 1309 1336 editionem

181 1365 488 1412 antecesserunt,
528 1375 650 1417 quam
681 1375 748 1405 nos
778 1364 907 1405 secuti
951 1376 1105 1406 sumus.
1145 1364 1308 1406 Etenim

183 1434 254 1476 ubi
281 1433 460 1489 primum
490 1445 554 1475 ars
584 1432 898 1487 Guttembergia
918 1434 1034 1488 longe
1054 1434 1216 1489 lateque
1236 1448 1308 1489 pa-

181 1505 277 1556 tuit,
306 1505 484 1547 carmina
514 1504 742 1555 Prudentii‚
773 1505 1011 1558 praesertim
1041 1505 1182 1560 lyrica,
1205 1519 1306 1560 quae

181 1589 303 1618 manu
318 1577 480 1618 exarata
495 1588 565 1630 per
580 1575 761 1626 Italiam,
784 1576 965 1630 citraque
986 1576 1096 1630 alpes
1117 1578 1157 1618 et
1176 1578 1306 1619 maria

179 1647 435 1702 cupidissime
466 1646 707 1700 legerentur,
740 1647 850 1689 novis
880 1647 1018 1689 formis
1039 1647 1207 1689 describi
1223 1648 1306 1690 edi-

178 1731 256 1773 que
285 1717 325 1759 in
355 1717 504 1771 vulgus
534 1719 673 1771 coepta
702 1719 807 1759 sunt.
840 1717 1035 1759 Omnium
1065 1720 1204 1760 autem
1235 1732 1306 1760 an-

179 1785 408 1841 tiquissima
439 1784 560 1826 editio
601 1796 647 1826 ea
684 1787 880 1836 censetur,
922 1798 1024 1840 quae
1063 1786 1305 1829 Daventriae

134 1890 142 1895 .
178 1855 220 1898 in
234 1855 402 1898 Batavis
422 1855 571 1909 prodiit
585 1867 635 1896 an
651 1865 928 1898 M.cccc.Lxxn
944 1868 991 1897 ex
1006 1855 1162 1898 officina
1180 1856 1302 1900 Rich.

179 1926 390 1982 Paffroedi,
406 1925 516 1968 Ῐ1]-40
534 1937 547 1980 ¹,
559 1936 570 1966 ·.
579 1949 610 1981 1·
623 1926 683 1968 De
694 1939 772 1981 qua
781 1926 883 1968 nihil
893 1928 1145 1981 compertum
1159 1928 1304 1970 habuit

223 2031 276 2078 (1)
292 2030 326 2066 V.
343 2030 498 2065 Manuel
516 2030 566 2065 du
583 2030 732 2065 libo-aire
745 2034 777 2065 et
790 2030 832 2065 de
845 2031 1034 2066 Z’amateur
1051 2031 1093 2066 de
1111 2032 1226 2074 liures,
1239 2034 1301 2067 eto.

178 2077 342 2114 Bruxelles
358 2075 443 2114 Chez
455 2078 494 2113 P.
508 2078 535 2113 l.
555 2078 600 2113 De
613 2077 690 2114 Mat.
707 2078 811 2113 1821.
825 2078 907 2114 Item
921 2078 1152 2114 Dicticmaire
1168 2080 1305 2114 Biblio-
