<?xml version="1.0" encoding="UTF-8"?>
<!DOCTYPE html PUBLIC "-//W3C//DTD XHTML 1.0 Transitional//EN"
    "http://www.w3.org/TR/xhtml1/DTD/xhtml1-transitional.dtd">
<html xmlns="http://www.w3.org/1999/xhtml" xml:lang="en" lang="en">
 <head>
  <title>
</title>
<meta http-equiv="Content-Type" content="text/html;charset=utf-8" />
  <meta name='ocr-system' content='tesseract 3.04.00' />
  <meta name='ocr-capabilities' content='ocr_page ocr_carea ocr_par ocr_line ocrx_word'/>
</head>
<body>
  <div class='ocr_page' id='page_1' title='image "./operapru01pruduoft_0145.png"; bbox 0 0 1502 2537; ppageno 0'>
   <div class='ocr_carea' id='block_1_1' title="bbox 414 128 1284 172">
    <p class='ocr_par' dir='ltr' id='par_1_1' title="bbox 414 128 1284 172">
     <span class='ocr_line' id='line_1_1' title="bbox 414 128 1284 172; baseline 0.007 -7"><span class='ocrx_word' id='word_1_1' title='bbox 414 130 524 166; x_wconf 79' lang='grc' dir='ltr'><strong>ΠΕΡΙ</strong></span> <span class='ocrx_word' id='word_1_2' title='bbox 551 128 807 165; x_wconf 73' lang='grc' dir='ltr'><strong>ΣΊῈΦΑΝΩΝ</strong></span> <span class='ocrx_word' id='word_1_3' title='bbox 838 141 990 170; x_wconf 80' lang='lat' dir='ltr'>nnmvs</span> <span class='ocrx_word' id='word_1_4' title='bbox 1018 142 1046 169; x_wconf 88' lang='lat'>11</span> <span class='ocrx_word' id='word_1_5' title='bbox 1208 132 1284 172; x_wconf 89' lang='lat'>103</span> 
     </span>
    </p>
   </div>
   <div class='ocr_carea' id='block_1_2' title="bbox 0 0 386 236">
    <p class='ocr_par' dir='ltr' id='par_1_2' title="bbox 0 0 386 236">
     <span class='ocr_line' id='line_1_2' title="bbox 0 0 386 236; baseline 0 2301"><span class='ocrx_word' id='word_1_6' title='bbox 0 0 386 236; x_wconf 95' lang='lat' dir='ltr'> </span> 
     </span>
    </p>
   </div>
   <div class='ocr_carea' id='block_1_3' title="bbox 0 252 1285 1730">
    <p class='ocr_par' dir='ltr' id='par_1_3' title="bbox 0 252 1285 1730">
     <span class='ocr_line' id='line_1_3' title="bbox 376 252 884 293; baseline 0.006 -3"><span class='ocrx_word' id='word_1_7' title='bbox 376 252 426 290; x_wconf 85' lang='lat' dir='ltr'>Et</span> <span class='ocrx_word' id='word_1_8' title='bbox 451 252 525 290; x_wconf 84' lang='lat' dir='ltr'>iam</span> <span class='ocrx_word' id='word_1_9' title='bbox 550 253 715 292; x_wconf 85' lang='lat' dir='ltr'>tenemus</span> <span class='ocrx_word' id='word_1_10' title='bbox 741 254 884 293; x_wconf 73' lang='lat' dir='ltr'>obsides</span> 
     </span>
     <span class='ocr_line' id='line_1_4' title="bbox 322 305 805 355; baseline 0.006 -12"><span class='ocrx_word' id='word_1_11' title='bbox 322 305 538 344; x_wconf 83' lang='lat' dir='ltr'>Fidissimos</span> <span class='ocrx_word' id='word_1_12' title='bbox 569 306 678 345; x_wconf 89' lang='lat' dir='ltr'>huius</span> <span class='ocrx_word' id='word_1_13' title='bbox 705 307 805 355; x_wconf 81' lang='lat' dir='ltr'>spei3</span> 
     </span>
     <span class='ocr_line' id='line_1_5' title="bbox 322 358 932 408; baseline 0.003 -12"><span class='ocrx_word' id='word_1_14' title='bbox 322 358 395 396; x_wconf 85' lang='lat' dir='ltr'>Hic</span> <span class='ocrx_word' id='word_1_15' title='bbox 421 370 548 406; x_wconf 88' lang='lat' dir='ltr'>nempe</span> <span class='ocrx_word' id='word_1_16' title='bbox 577 359 650 397; x_wconf 83' lang='lat' dir='ltr'>iam</span> <span class='ocrx_word' id='word_1_17' title='bbox 678 362 835 408; x_wconf 84' lang='lat' dir='ltr'>regnaut</span> <span class='ocrx_word' id='word_1_18' title='bbox 862 361 932 398; x_wconf 89' lang='lat' dir='ltr'>duo</span> 
     </span>
     <span class='ocr_line' id='line_1_6' title="bbox 321 411 1285 463; baseline 0.002 -13"><span class='ocrx_word' id='word_1_19' title='bbox 321 411 577 460; x_wconf 74' lang='lat' dir='ltr'>Apostolorum</span> <span class='ocrx_word' id='word_1_20' title='bbox 604 413 785 461; x_wconf 83' lang='lat' dir='ltr'>principes</span> <span class='ocrx_word' id='word_1_21' title='bbox 816 413 890 463; x_wconf 87' lang='lat'>(1).</span> <span class='ocrx_word' id='word_1_22' title='bbox 1209 416 1285 452; x_wconf 75' lang='grc'>460</span> 
     </span>
     <span class='ocr_line' id='line_1_7' title="bbox 373 464 854 513; baseline 0.002 -10"><span class='ocrx_word' id='word_1_23' title='bbox 373 464 478 503; x_wconf 78' lang='lat' dir='ltr'>Alter</span> <span class='ocrx_word' id='word_1_24' title='bbox 504 467 650 503; x_wconf 85' lang='lat' dir='ltr'>vocator</span> <span class='ocrx_word' id='word_1_25' title='bbox 676 467 854 513; x_wconf 79' lang='lat' dir='ltr'>gentium,</span> 
     </span>
     <span class='ocr_line' id='line_1_8' title="bbox 321 518 903 566; baseline 0.003 -11"><span class='ocrx_word' id='word_1_26' title='bbox 321 518 439 563; x_wconf 81' lang='lat' dir='ltr'>Alter,</span> <span class='ocrx_word' id='word_1_27' title='bbox 470 518 687 556; x_wconf 85' lang='lat' dir='ltr'>Cathedram</span> <span class='ocrx_word' id='word_1_28' title='bbox 713 520 903 566; x_wconf 75' lang='lat' dir='ltr'>possidens</span> 
     </span>
     <span class='ocr_line' id='line_1_9' title="bbox 320 571 860 617; baseline 0.004 -9"><span class='ocrx_word' id='word_1_29' title='bbox 320 571 495 617; x_wconf 87' lang='lat' dir='ltr'>Primam,</span> <span class='ocrx_word' id='word_1_30' title='bbox 523 571 678 609; x_wconf 83' lang='lat' dir='ltr'>recludit</span> <span class='ocrx_word' id='word_1_31' title='bbox 704 573 860 610; x_wconf 83' lang='lat' dir='ltr'>creditas</span> 
     </span>
     <span class='ocr_line' id='line_1_10' title="bbox 318 624 733 663; baseline 0 -1"><span class='ocrx_word' id='word_1_32' title='bbox 318 624 559 662; x_wconf 84' lang='lat' dir='ltr'>Aeternitatis</span> <span class='ocrx_word' id='word_1_33' title='bbox 583 624 733 663; x_wconf 88' lang='lat' dir='ltr'>ianuas.</span> 
     </span>
     <span class='ocr_line' id='line_1_11' title="bbox 371 677 1280 725; baseline 0.001 -11"><span class='ocrx_word' id='word_1_34' title='bbox 371 677 537 722; x_wconf 81' lang='lat' dir='ltr'>Discede,</span> <span class='ocrx_word' id='word_1_35' title='bbox 567 677 710 716; x_wconf 86' lang='lat' dir='ltr'>adulter</span> <span class='ocrx_word' id='word_1_36' title='bbox 736 678 916 725; x_wconf 83' lang='lat' dir='ltr'>Iuppiter,</span> <span class='ocrx_word' id='word_1_37' title='bbox 1205 680 1280 716; x_wconf 76' lang='lat'>465</span> 
     </span>
     <span class='ocr_line' id='line_1_12' title="bbox 318 729 764 777; baseline 0.002 -10"><span class='ocrx_word' id='word_1_38' title='bbox 318 730 448 777; x_wconf 81' lang='lat' dir='ltr'>Stupro</span> <span class='ocrx_word' id='word_1_39' title='bbox 473 729 607 768; x_wconf 90' lang='lat' dir='ltr'>sororis</span> <span class='ocrx_word' id='word_1_40' title='bbox 634 730 764 775; x_wconf 76' lang='lat' dir='ltr'>oblite3</span> 
     </span>
     <span class='ocr_line' id='line_1_13' title="bbox 317 782 867 830; baseline 0 -10"><span class='ocrx_word' id='word_1_41' title='bbox 317 782 494 830; x_wconf 81' lang='lat' dir='ltr'>Relinque</span> <span class='ocrx_word' id='word_1_42' title='bbox 521 783 675 820; x_wconf 87' lang='lat' dir='ltr'>Romam</span> <span class='ocrx_word' id='word_1_43' title='bbox 699 783 867 828; x_wconf 83' lang='lat' dir='ltr'>liberam,</span> 
     </span>
     <span class='ocr_line' id='line_1_14' title="bbox 318 835 926 883; baseline 0 -10"><span class='ocrx_word' id='word_1_44' title='bbox 318 835 534 883; x_wconf 86' lang='lat' dir='ltr'>Plebemque</span> <span class='ocrx_word' id='word_1_45' title='bbox 561 835 634 872; x_wconf 87' lang='lat' dir='ltr'>iam</span> <span class='ocrx_word' id='word_1_46' title='bbox 663 836 800 874; x_wconf 83' lang='lat' dir='ltr'><strong>Christi</strong></span> <span class='ocrx_word' id='word_1_47' title='bbox 827 836 926 883; x_wconf 76' lang='lat' dir='ltr'>suge.</span> 
     </span>
     <span class='ocr_line' id='line_1_15' title="bbox 368 887 954 935; baseline 0 -9"><span class='ocrx_word' id='word_1_48' title='bbox 368 889 417 926; x_wconf 89' lang='lat' dir='ltr'>Te</span> <span class='ocrx_word' id='word_1_49' title='bbox 445 887 584 926; x_wconf 88' lang='lat' dir='ltr'>Paulus</span> <span class='ocrx_word' id='word_1_50' title='bbox 610 888 696 926; x_wconf 87' lang='lat' dir='ltr'>hinc</span> <span class='ocrx_word' id='word_1_51' title='bbox 724 889 954 935; x_wconf 74' lang='lat' dir='ltr'>exterminat,</span> 
     </span>
     <span class='ocr_line' id='line_1_16' title="bbox 315 941 1279 989; baseline 0.002 -11"><span class='ocrx_word' id='word_1_52' title='bbox 315 942 363 979; x_wconf 85' lang='lat' dir='ltr'>Te</span> <span class='ocrx_word' id='word_1_53' title='bbox 391 941 544 989; x_wconf 86' lang='lat' dir='ltr'>sanguis</span> <span class='ocrx_word' id='word_1_54' title='bbox 571 942 739 979; x_wconf 75' lang='lat' dir='ltr'>exturbat</span> <span class='ocrx_word' id='word_1_55' title='bbox 766 942 888 986; x_wconf 72' lang='lat' dir='ltr'>Petr13</span> <span class='ocrx_word' id='word_1_56' title='bbox 1204 943 1279 980; x_wconf 79' lang='lat'>470</span> 
     </span>
     <span class='ocr_line' id='line_1_17' title="bbox 315 993 953 1042; baseline 0 -10"><span class='ocrx_word' id='word_1_57' title='bbox 315 994 396 1032; x_wconf 87' lang='lat' dir='ltr'>Tibi</span> <span class='ocrx_word' id='word_1_58' title='bbox 422 993 474 1040; x_wconf 86' lang='lat' dir='ltr'>id,</span> <span class='ocrx_word' id='word_1_59' title='bbox 506 994 601 1041; x_wconf 90' lang='lat' dir='ltr'>quod</span> <span class='ocrx_word' id='word_1_60' title='bbox 628 994 703 1042; x_wconf 89' lang='lat' dir='ltr'>ipse</span> <span class='ocrx_word' id='word_1_61' title='bbox 731 1006 953 1042; x_wconf 85' lang='lat' dir='ltr'>armaveras,</span> 
     </span>
     <span class='ocr_line' id='line_1_18' title="bbox 314 1046 894 1096; baseline 0.002 -11"><span class='ocrx_word' id='word_1_62' title='bbox 314 1047 468 1085; x_wconf 86' lang='lat' dir='ltr'>Factum</span> <span class='ocrx_word' id='word_1_63' title='bbox 494 1046 653 1085; x_wconf 88' lang='lat' dir='ltr'>Neronis</span> <span class='ocrx_word' id='word_1_64' title='bbox 681 1047 740 1096; x_wconf 84' lang='lat'>(2)</span> <span class='ocrx_word' id='word_1_65' title='bbox 771 1047 894 1086; x_wconf 86' lang='lat' dir='ltr'>officit.</span> 
     </span>
     <span class='ocr_line' id='line_1_19' title="bbox 366 1099 905 1148; baseline 0 -10"><span class='ocrx_word' id='word_1_66' title='bbox 366 1099 481 1138; x_wconf 87' lang='lat' dir='ltr'>Video</span> <span class='ocrx_word' id='word_1_67' title='bbox 507 1099 670 1138; x_wconf 81' lang='lat' dir='ltr'>futurum</span> <span class='ocrx_word' id='word_1_68' title='bbox 698 1100 905 1148; x_wconf 82' lang='lat' dir='ltr'>Principem</span> 
     </span>
     <span class='ocr_line' id='line_1_20' title="bbox 313 1152 924 1201; baseline 0.003 -11"><span class='ocrx_word' id='word_1_69' title='bbox 313 1153 549 1201; x_wconf 84' lang='lat' dir='ltr'>Quandoque,</span> <span class='ocrx_word' id='word_1_70' title='bbox 580 1152 657 1200; x_wconf 88' lang='lat' dir='ltr'>qui,</span> <span class='ocrx_word' id='word_1_71' title='bbox 687 1164 813 1192; x_wconf 82' lang='lat' dir='ltr'>servus</span> <span class='ocrx_word' id='word_1_72' title='bbox 841 1154 924 1201; x_wconf 89' lang='lat' dir='ltr'>Dei,</span> 
     </span>
     <span class='ocr_line' id='line_1_21' title="bbox 311 1206 1279 1245; baseline 0.002 -2"><span class='ocrx_word' id='word_1_73' title='bbox 311 1206 429 1244; x_wconf 83' lang='lat' dir='ltr'>Tetris</span> <span class='ocrx_word' id='word_1_74' title='bbox 455 1217 639 1244; x_wconf 88' lang='lat' dir='ltr'>sacrorum</span> <span class='ocrx_word' id='word_1_75' title='bbox 673 1206 841 1244; x_wconf 86' lang='lat' dir='ltr'>sordibus</span> <span class='ocrx_word' id='word_1_76' title='bbox 1203 1208 1279 1245; x_wconf 65' lang='lat'><strong>47.)</strong></span> 
     </span>
     <span class='ocr_line' id='line_1_22' title="bbox 0 1259 886 1304; baseline 0.002 -9"><span class='ocrx_word' id='word_1_77' title='bbox 0 1283 4 1295; x_wconf 82' lang='lat'><em>.</em></span> <span class='ocrx_word' id='word_1_78' title='bbox 311 1259 450 1297; x_wconf 85' lang='lat' dir='ltr'>Servire</span> <span class='ocrx_word' id='word_1_79' title='bbox 477 1259 631 1297; x_wconf 86' lang='lat' dir='ltr'>Romam</span> <span class='ocrx_word' id='word_1_80' title='bbox 656 1270 732 1297; x_wconf 90' lang='lat' dir='ltr'>non</span> <span class='ocrx_word' id='word_1_81' title='bbox 759 1259 886 1304; x_wconf 82' lang='lat' dir='ltr'>sinat3</span> 
     </span>
     <span class='ocr_line' id='line_1_23' title="bbox 0 1310 974 1360; baseline -0.001 -9"><span class='ocrx_word' id='word_1_82' title='bbox 0 1310 6 1351; x_wconf 62' lang='lat'>=.&#39;</span> <span class='ocrx_word' id='word_1_83' title='bbox 364 1312 433 1358; x_wconf 86' lang='lat' dir='ltr'>Qui</span> <span class='ocrx_word' id='word_1_84' title='bbox 459 1312 596 1360; x_wconf 81' lang='lat' dir='ltr'>templa</span> <span class='ocrx_word' id='word_1_85' title='bbox 622 1311 770 1350; x_wconf 82' lang='lat' dir='ltr'>claudat</span> <span class='ocrx_word' id='word_1_86' title='bbox 795 1312 974 1359; x_wconf 80' lang='lat' dir='ltr'>vectibus,</span> 
     </span>
     <span class='ocr_line' id='line_1_24' title="bbox 311 1365 861 1412; baseline 0.002 -10"><span class='ocrx_word' id='word_1_87' title='bbox 311 1365 451 1403; x_wconf 81' lang='lat' dir='ltr'>Valvas</span> <span class='ocrx_word' id='word_1_88' title='bbox 477 1365 654 1403; x_wconf 86' lang='lat' dir='ltr'>eburneas</span> <span class='ocrx_word' id='word_1_89' title='bbox 681 1366 861 1412; x_wconf 76' lang='lat' dir='ltr'>obstruat,</span> 
     </span>
     <span class='ocr_line' id='line_1_25' title="bbox 310 1418 810 1464; baseline 0 -8"><span class='ocrx_word' id='word_1_90' title='bbox 310 1418 467 1456; x_wconf 86' lang='lat' dir='ltr'>Nefasta</span> <span class='ocrx_word' id='word_1_91' title='bbox 493 1418 642 1456; x_wconf 83' lang='lat' dir='ltr'>damnet</span> <span class='ocrx_word' id='word_1_92' title='bbox 666 1418 810 1464; x_wconf 80' lang='lat' dir='ltr'>limina,</span> 
     </span>
     <span class='ocr_line' id='line_1_26' title="bbox 311 1471 1276 1519; baseline -0.001 -9"><span class='ocrx_word' id='word_1_93' title='bbox 311 1471 458 1510; x_wconf 86' lang='lat' dir='ltr'>Obdens</span> <span class='ocrx_word' id='word_1_94' title='bbox 483 1471 620 1509; x_wconf 89' lang='lat' dir='ltr'>ahenos</span> <span class='ocrx_word' id='word_1_95' title='bbox 646 1471 824 1519; x_wconf 88' lang='lat' dir='ltr'>pessulos.</span> <span class='ocrx_word' id='word_1_96' title='bbox 1201 1473 1276 1509; x_wconf 84' lang='grc'>480</span> 
     </span>
     <span class='ocr_line' id='line_1_27' title="bbox 362 1524 991 1572; baseline 0 -10"><span class='ocrx_word' id='word_1_97' title='bbox 362 1524 465 1562; x_wconf 82' lang='lat' dir='ltr'>Tunc</span> <span class='ocrx_word' id='word_1_98' title='bbox 491 1535 582 1572; x_wconf 88' lang='lat' dir='ltr'>pura</span> <span class='ocrx_word' id='word_1_99' title='bbox 609 1524 657 1562; x_wconf 87' lang='lat' dir='ltr'>ab</span> <span class='ocrx_word' id='word_1_100' title='bbox 683 1525 782 1562; x_wconf 87' lang='lat' dir='ltr'>omni</span> <span class='ocrx_word' id='word_1_101' title='bbox 810 1525 991 1572; x_wconf 77' lang='lat' dir='ltr'>sanguine</span> 
     </span>
     <span class='ocr_line' id='line_1_28' title="bbox 308 1577 896 1623; baseline -0.002 -8"><span class='ocrx_word' id='word_1_102' title='bbox 308 1577 472 1615; x_wconf 84' lang='lat' dir='ltr'>Tandem</span> <span class='ocrx_word' id='word_1_103' title='bbox 498 1577 668 1615; x_wconf 81' lang='lat' dir='ltr'>nitebunt</span> <span class='ocrx_word' id='word_1_104' title='bbox 693 1588 896 1623; x_wconf 86' lang='lat' dir='ltr'>marmora;</span> 
     </span>
     <span class='ocr_line' id='line_1_29' title="bbox 309 1630 833 1676; baseline 0 -8"><span class='ocrx_word' id='word_1_105' title='bbox 309 1630 468 1668; x_wconf 83' lang='lat' dir='ltr'>Stabunt</span> <span class='ocrx_word' id='word_1_106' title='bbox 493 1631 529 1668; x_wconf 84' lang='lat' dir='ltr'>et</span> <span class='ocrx_word' id='word_1_107' title='bbox 556 1641 641 1667; x_wconf 83' lang='lat' dir='ltr'>aera</span> <span class='ocrx_word' id='word_1_108' title='bbox 667 1630 833 1676; x_wconf 79' lang='lat' dir='ltr'>innoxia,</span> 
     </span>
     <span class='ocr_line' id='line_1_30' title="bbox 309 1683 1014 1730; baseline -0.006 -9"><span class='ocrx_word' id='word_1_109' title='bbox 309 1683 408 1730; x_wconf 83' lang='lat' dir='ltr'>Quae</span> <span class='ocrx_word' id='word_1_110' title='bbox 434 1694 533 1721; x_wconf 87' lang='lat' dir='ltr'>nunc</span> <span class='ocrx_word' id='word_1_111' title='bbox 559 1683 741 1721; x_wconf 82' lang='lat' dir='ltr'>habentur</span> <span class='ocrx_word' id='word_1_112' title='bbox 766 1683 877 1722; x_wconf 90' lang='lat' dir='ltr'>idola.</span> <span class='ocrx_word' id='word_1_113' title='bbox 910 1696 932 1718; x_wconf 93' lang='lat'>»</span> <span class='ocrx_word' id='word_1_114' title='bbox 961 1704 1014 1711; x_wconf 91' lang='lat'><strong>—</strong></span> 
     </span>
    </p>
   </div>
   <div class='ocr_carea' id='block_1_4' title="bbox 0 730 8 1040">
    <p class='ocr_par' dir='ltr' id='par_1_4' title="bbox 0 730 8 1040">
     <span class='ocr_line' id='line_1_31' title="bbox 0 730 8 1040; textangle 90"><span class='ocrx_word' id='word_1_115' title='bbox 0 977 6 1040; x_wconf 43' lang='lat' dir='ltr'>*-vv</span> <span class='ocrx_word' id='word_1_116' title='bbox 0 848 8 959; x_wconf 52' lang='lat' dir='ltr'>—w-v2</span> <span class='ocrx_word' id='word_1_117' title='bbox 0 784 8 826; x_wconf 60' lang='grc' dir='ltr'>ν.</span> <span class='ocrx_word' id='word_1_118' title='bbox 0 730 4 740; x_wconf 85' lang='grc'>-</span> 
     </span>
    </p>
   </div>
   <div class='ocr_carea' id='block_1_5' title="bbox 149 1769 1277 2048">
    <p class='ocr_par' dir='ltr' id='par_1_5' title="bbox 149 1769 1277 2048">
     <span class='ocr_line' id='line_1_32' title="bbox 213 1769 1274 1809; baseline 0.001 -9"><span class='ocrx_word' id='word_1_119' title='bbox 213 1771 257 1809; x_wconf 93' lang='grc'>(1)</span> <span class='ocrx_word' id='word_1_120' title='bbox 268 1770 441 1808; x_wconf 81' lang='lat' dir='ltr'>christoph.</span> <span class='ocrx_word' id='word_1_121' title='bbox 455 1770 601 1800; x_wconf 83' lang='lat' dir='ltr'>Cellarius</span> <span class='ocrx_word' id='word_1_122' title='bbox 613 1769 738 1800; x_wconf 85' lang='lat' dir='ltr'>Petrum</span> <span class='ocrx_word' id='word_1_123' title='bbox 750 1771 782 1800; x_wconf 85' lang='lat' dir='ltr'>et</span> <span class='ocrx_word' id='word_1_124' title='bbox 793 1770 932 1800; x_wconf 86' lang='lat' dir='ltr'>Paullum</span> <span class='ocrx_word' id='word_1_125' title='bbox 948 1770 1026 1808; x_wconf 80' lang='lat' dir='ltr'>App.</span> <span class='ocrx_word' id='word_1_126' title='bbox 1044 1770 1157 1800; x_wconf 85' lang='lat' dir='ltr'>Romae</span> <span class='ocrx_word' id='word_1_127' title='bbox 1171 1770 1274 1801; x_wconf 75' lang='lat' dir='ltr'>fuisse,</span> 
     </span>
     <span class='ocr_line' id='line_1_33' title="bbox 150 1811 1277 1850; baseline -0.002 -8"><span class='ocrx_word' id='word_1_128' title='bbox 150 1812 253 1848; x_wconf 88' lang='lat' dir='ltr'>ibique</span> <span class='ocrx_word' id='word_1_129' title='bbox 269 1812 450 1850; x_wconf 81' lang='lat' dir='ltr'>martyrium</span> <span class='ocrx_word' id='word_1_130' title='bbox 472 1811 579 1841; x_wconf 81' lang='lat' dir='ltr'>fecisse</span> <span class='ocrx_word' id='word_1_131' title='bbox 600 1820 659 1840; x_wconf 86' lang='lat' dir='ltr'>non</span> <span class='ocrx_word' id='word_1_132' title='bbox 682 1820 771 1841; x_wconf 81' lang='lat' dir='ltr'>ausus</span> <span class='ocrx_word' id='word_1_133' title='bbox 794 1812 915 1847; x_wconf 86' lang='lat' dir='ltr'>quidem</span> <span class='ocrx_word' id='word_1_134' title='bbox 936 1814 983 1841; x_wconf 87' lang='lat' dir='ltr'>est</span> <span class='ocrx_word' id='word_1_135' title='bbox 1000 1812 1117 1841; x_wconf 86' lang='lat' dir='ltr'>inficias</span> <span class='ocrx_word' id='word_1_136' title='bbox 1139 1812 1200 1846; x_wconf 71' lang='lat' dir='ltr'>ire:</span> <span class='ocrx_word' id='word_1_137' title='bbox 1224 1812 1277 1841; x_wconf 83' lang='lat' dir='ltr'>sed</span> 
     </span>
     <span class='ocr_line' id='line_1_34' title="bbox 150 1852 1273 1889; baseline -0.002 -6"><span class='ocrx_word' id='word_1_138' title='bbox 150 1856 253 1883; x_wconf 76' lang='lat' dir='ltr'>utrum</span> <span class='ocrx_word' id='word_1_139' title='bbox 268 1853 377 1883; x_wconf 83' lang='lat' dir='ltr'>Petrus</span> <span class='ocrx_word' id='word_1_140' title='bbox 389 1852 571 1883; x_wconf 79' lang='lat' dir='ltr'>Cathedram</span> <span class='ocrx_word' id='word_1_141' title='bbox 583 1853 724 1882; x_wconf 83' lang='lat' dir='ltr'>Pontific.</span> <span class='ocrx_word' id='word_1_142' title='bbox 742 1853 774 1882; x_wconf 87' lang='lat' dir='ltr'>in</span> <span class='ocrx_word' id='word_1_143' title='bbox 790 1853 861 1882; x_wconf 82' lang='lat' dir='ltr'>urbe</span> <span class='ocrx_word' id='word_1_144' title='bbox 878 1853 992 1889; x_wconf 83' lang='lat' dir='ltr'>primus</span> <span class='ocrx_word' id='word_1_145' title='bbox 1010 1853 1187 1889; x_wconf 70' lang='lat' dir='ltr'>possederit,</span> <span class='ocrx_word' id='word_1_146' title='bbox 1204 1861 1273 1882; x_wconf 87' lang='lat' dir='ltr'>eon-</span> 
     </span>
     <span class='ocr_line' id='line_1_35' title="bbox 150 1894 1274 1929; baseline -0.003 -4"><span class='ocrx_word' id='word_1_147' title='bbox 150 1894 347 1925; x_wconf 70' lang='lat' dir='ltr'>tenditlitem</span> <span class='ocrx_word' id='word_1_148' title='bbox 359 1894 457 1923; x_wconf 85' lang='lat' dir='ltr'>adhuc</span> <span class='ocrx_word' id='word_1_149' title='bbox 468 1894 524 1923; x_wconf 88' lang='lat' dir='ltr'>sub</span> <span class='ocrx_word' id='word_1_150' title='bbox 536 1894 634 1923; x_wconf 81' lang='lat' dir='ltr'>iudice</span> <span class='ocrx_word' id='word_1_151' title='bbox 645 1902 720 1924; x_wconf 59' lang='grc' dir='ltr'>ωδε.</span> <span class='ocrx_word' id='word_1_152' title='bbox 734 1894 794 1923; x_wconf 82' lang='lat' dir='ltr'>Nos</span> <span class='ocrx_word' id='word_1_153' title='bbox 806 1902 867 1923; x_wconf 88' lang='lat' dir='ltr'>rem</span> <span class='ocrx_word' id='word_1_154' title='bbox 880 1894 1094 1929; x_wconf 78' lang='lat' dir='ltr'>gravissimam</span> <span class='ocrx_word' id='word_1_155' title='bbox 1106 1894 1274 1925; x_wconf 84' lang='lat' dir='ltr'>iudicatam</span> 
     </span>
     <span class='ocr_line' id='line_1_36' title="bbox 149 1935 1277 1972; baseline -0.002 -7"><span class='ocrx_word' id='word_1_156' title='bbox 149 1935 266 1965; x_wconf 77' lang='lat' dir='ltr'>iamdiu</span> <span class='ocrx_word' id='word_1_157' title='bbox 278 1935 432 1969; x_wconf 79' lang='lat' dir='ltr'>habemus:</span> <span class='ocrx_word' id='word_1_158' title='bbox 445 1935 605 1970; x_wconf 80' lang='lat' dir='ltr'>sciuntque</span> <span class='ocrx_word' id='word_1_159' title='bbox 622 1935 667 1964; x_wconf 78' lang='lat' dir='ltr'>vel</span> <span class='ocrx_word' id='word_1_160' title='bbox 680 1935 776 1972; x_wconf 85' lang='lat' dir='ltr'>pueri,</span> <span class='ocrx_word' id='word_1_161' title='bbox 791 1935 852 1964; x_wconf 81' lang='lat' dir='ltr'>iam</span> <span class='ocrx_word' id='word_1_162' title='bbox 863 1935 972 1972; x_wconf 87' lang='lat' dir='ltr'>primis</span> <span class='ocrx_word' id='word_1_163' title='bbox 988 1936 1133 1971; x_wconf 79' lang='lat' dir='ltr'>quattuor</span> <span class='ocrx_word' id='word_1_164' title='bbox 1147 1935 1277 1964; x_wconf 58' lang='lat' dir='ltr'>saeculis</span> 
     </span>
     <span class='ocr_line' id='line_1_37' title="bbox 149 1975 1274 2014; baseline 0.002 -9"><span class='ocrx_word' id='word_1_165' title='bbox 149 1975 335 2007; x_wconf 79' lang='lat' dir='ltr'>christianis</span> <span class='ocrx_word' id='word_1_166' title='bbox 359 1976 411 2007; x_wconf 89' lang='lat' dir='ltr'>SS.</span> <span class='ocrx_word' id='word_1_167' title='bbox 427 1976 535 2006; x_wconf 81' lang='lat' dir='ltr'>Patres</span> <span class='ocrx_word' id='word_1_168' title='bbox 550 1976 696 2010; x_wconf 86' lang='lat' dir='ltr'>docuisse,</span> <span class='ocrx_word' id='word_1_169' title='bbox 712 1976 848 2010; x_wconf 86' lang='lat' dir='ltr'>Petrum,</span> <span class='ocrx_word' id='word_1_170' title='bbox 864 1975 1074 2013; x_wconf 84' lang='lat' dir='ltr'>Apostolorum</span> <span class='ocrx_word' id='word_1_171' title='bbox 1089 1976 1274 2014; x_wconf 84' lang='lat' dir='ltr'>Principem.</span> 
     </span>
     <span class='ocr_line' id='line_1_38' title="bbox 149 2016 1002 2048; baseline -0.001 0"><span class='ocrx_word' id='word_1_172' title='bbox 149 2016 264 2048; x_wconf 79' lang='lat' dir='ltr'>Romae</span> <span class='ocrx_word' id='word_1_173' title='bbox 285 2018 400 2048; x_wconf 87' lang='lat' dir='ltr'>Summi</span> <span class='ocrx_word' id='word_1_174' title='bbox 423 2017 580 2047; x_wconf 85' lang='lat' dir='ltr'>Pontificis</span> <span class='ocrx_word' id='word_1_175' title='bbox 601 2018 708 2046; x_wconf 85' lang='lat' dir='ltr'>officiis</span> <span class='ocrx_word' id='word_1_176' title='bbox 730 2017 905 2047; x_wconf 82' lang='lat' dir='ltr'>defunctum</span> <span class='ocrx_word' id='word_1_177' title='bbox 927 2025 1002 2047; x_wconf 85' lang='lat' dir='ltr'>esse.</span> 
     </span>
    </p>
   </div>
   <div class='ocr_carea' id='block_1_6' title="bbox 211 2063 1060 2103">
    <p class='ocr_par' dir='ltr' id='par_1_6' title="bbox 211 2063 1060 2103">
     <span class='ocr_line' id='line_1_39' title="bbox 211 2063 1060 2103; baseline -0.001 -7"><span class='ocrx_word' id='word_1_178' title='bbox 211 2065 256 2096; x_wconf 64' lang='lat'>‘2¹</span> <span class='ocrx_word' id='word_1_179' title='bbox 276 2065 413 2096; x_wconf 74' lang='lat' dir='ltr'>Factum</span> <span class='ocrx_word' id='word_1_180' title='bbox 434 2066 584 2095; x_wconf 71' lang='lat' dir='ltr'>Neronis.</span> <span class='ocrx_word' id='word_1_181' title='bbox 610 2064 646 2094; x_wconf 89' lang='lat' dir='ltr'>V.</span> <span class='ocrx_word' id='word_1_182' title='bbox 668 2064 822 2094; x_wconf 76' lang='lat' dir='ltr'>Tanrvu..</span> <span class='ocrx_word' id='word_1_183' title='bbox 845 2064 1010 2103; x_wconf 68' lang='lat' dir='ltr'>Apoloqet.</span> <span class='ocrx_word' id='word_1_184' title='bbox 1032 2063 1060 2095; x_wconf 90' lang='lat'>1.</span> 
     </span>
    </p>
   </div>
  </div>
 </body>
</html>
