1502 2537
386 126 499 164 ΠΕΡΙ
523 126 783 164 ΣΊῈΦΑΝΩΝ
815 133 968 162 ΗῺΠΠΒ
995 134 1024 162 11
1189 122 1263 162 105

347 249 448 288 Mors
476 249 541 287 illa
569 249 688 287 sancti
715 248 888 296 martyris

296 303 397 341 Mors
424 314 509 340 vera
526 302 745 350 templorum
772 301 863 346 fuit;
1187 302 1260 338 510

293 356 396 394 Tunc
424 356 537 394 Vesta
565 355 752 394 Palladios
779 355 891 393 Lares
920 354 981 403 (l)

294 409 449 456 Impune
477 409 594 447 sensit
620 408 749 446 deseri.

346 479 530 527 Quidquid
558 479 740 526 Quiritum
768 481 936 516 sueverat

295 532 408 572 Orare
436 533 671 581 simpluvium
700 534 843 570 Numae
873 534 949 581 (2),

294 585 429 625 Christi
456 586 693 634 frequentans
720 586 829 631 atria,
1185 586 1259 622 515

294 639 454 688 Hymnis
482 640 637 678 resultat
665 642 876 687 martyrem.

345 710 435 758 Ipsa
461 712 498 747 et
524 711 679 748 Senatus
707 709 849 747 lumina
877 708 953 756 (3),

292 763 482 809 Quondam
510 763 663 811 Luperci
691 764 756 800 aut
782 762 983 808 Flamines,

291 816 547 864 Apostolorum
575 818 611 854 et
638 818 839 864 martyrum

290 869 558 908 Exosculantur
584 869 716 906 limina
744 868 820 917 (4).

342 939 518 978 Videmus
545 939 719 977 inlustres
747 939 886 985 domos,

290 993 384 1031 Sexu
411 1004 454 1030 ex
480 996 632 1040 utroque
660 992 816 1040 nobiles,

288 1046 423 1085 Offerre
450 1046 545 1084 votis
572 1046 728 1094 pignora

288 1099 581 1138 Clarissimorum
608 1099 777 1137 liberum.

1181 869 1202 903 ιῚ

1208 868 1229 904 10

1233 868 1256 904 0

189 1234 235 1272 (1)
256 1234 428 1264 Palladios
449 1235 563 1265 Lares.
587 1234 743 1264 Palladios
776 1233 912 1272 appellat
943 1234 1048 1270 Lares,
1079 1234 1158 1271 quod
1187 1234 1256 1263 deos

129 1281 220 1311 Lares
243 1282 320 1312 tueri
343 1281 446 1312 domos
477 1290 548 1311 suas
570 1282 744 1316 crederent:
779 1282 884 1311 eadem
912 1281 1002 1319 plane
1033 1283 1166 1316 ratione,
1197 1290 1256 1317 qua

127 1328 270 1358 Statuam
280 1328 428 1366 Palladis,
447 1336 524 1365 quae
540 1329 571 1357 in
586 1329 696 1359 Vestae
711 1329 862 1366 penetrali
877 1329 1017 1365 religiose
1033 1331 1254 1364 asservaretur,

127 1375 393 1413 inexpugnabilem
417 1376 519 1406 urbem
544 1376 735 1406 confidebant
756 1376 959 1406 reddituram.

189 1429 234 1466 (2)
256 1429 360 1459 Orare
383 1429 600 1467 simpluvium
629 1430 768 1459 Numae.
798 1429 850 1459 Ita
877 1429 970 1460 Codd.
995 1429 1082 1459 Vatt.
1108 1429 1252 1466 potiores,

127 1475 179 1512 qui
193 1483 265 1506 orae
286 1475 437 1506 adtexunt
460 1475 539 1506 hunc
562 1484 700 1506 versum:
726 1487 743 1503 κ
759 1476 874 1507 Ornare
897 1485 944 1506 res
960 1476 1071 1513 impias
1087 1476 1205 1505 Numae
1223 1487 1252 1505 ».

126 1522 281 1552 Glossema
294 1523 468 1552 istiusmodi
482 1523 578 1552 miror
589 1523 746 1558 Aldinam,
764 1523 901 1560 aliasque
920 1523 1070 1553 editiones
1092 1531 1254 1559 germanae

127 1569 250 1600 lectioni
271 1570 464 1608 praetulisse.
489 1587 528 1592 —
550 1571 593 1601 De
614 1571 779 1608 simpluvio
796 1572 914 1601 Numae
936 1571 998 1602 Cir.
1015 1571 1167 1601 Iuvemi.
1185 1571 1252 1602 Sat.

128 1615 169 1646 VI
189 1625 227 1647 ex
247 1625 363 1648 recens.
386 1617 528 1655 Ruperti.

189 1669 235 1708 (3)
255 1670 397 1708 Luperci
417 1673 445 1699 et
466 1670 645 1700 Flamines.
669 1670 772 1701 Scitus
793 1672 953 1701 enarrator
974 1671 1124 1709 Lupercos
1139 1673 1171 1701 et
1185 1671 1252 1701 Fla-

127 1717 223 1747 minae
244 1718 334 1755 probe
355 1718 511 1748 enodabit.

187 1770 232 1808 (4)
253 1770 384 1805 limina,
407 1779 458 1801 seu
481 1771 564 1800 basis
585 1772 640 1801 aut
667 1771 760 1801 limen
777 1794 784 1807 ‚
809 1772 858 1801 cui
891 1771 1019 1802 cancelli
1052 1773 1109 1802 aut
1141 1772 1253 1803 loricae

126 1817 158 1847 in
177 1817 253 1848 locis
273 1818 369 1848 sacris
398 1818 620 1848 innitebantur.
643 1818 750 1849 Limen
773 1819 870 1849 etiam
893 1819 1073 1855 quandoque
1093 1820 1179 1849 solea
1201 1829 1252 1857 ap-

124 1864 317 1903 pellabatur,
340 1865 413 1902 quia
443 1874 460 1895 ο
491 1865 553 1895 solo
585 1866 731 1902 assurgit.
756 1866 905 1902 Vznmvs,
939 1867 976 1896 ut
1006 1867 1107 1896 obiter
1136 1867 1251 1903 dicam,

124 1912 205 1950 apud
224 1912 349 1943 Festum
370 1913 534 1942 materiam
556 1912 731 1943 robusoeam
760 1913 868 1943 definit
888 1913 1025 1949 soleam,
1049 1922 1139 1951 super
1160 1922 1250 1951 quam

123 1959 225 1997 paries
245 1959 391 1990 craticius
412 1959 580 1990 extruitur.
604 1959 668 1990 Cfr.
692 1960 737 1989 Dv
760 1960 895 1991 Faesus.
918 1960 992 1990 Not.
1016 1961 1048 1990 in
1076 1961 1178 1991 Paul.
1201 1962 1250 1992 Si-

123 2005 264 2037 lentior-i.
287 2015 320 2045 p.
342 2007 496 2042 584-5873
520 2008 554 2037 et
574 2007 786 2044 Bmenunvu,
809 2008 900 2046 Oriq.
923 2007 1011 2038 Eccl.
1027 2007 1063 2038 Τ.
1085 2008 1143 2045 ΙΠ,
1159 2008 1194 2039 L.
1218 2009 1249 2046 8,
