1502 2537
570 376 781 415 HYMNVS
809 377 860 415 IX

413 482 648 521 PASSIO
688 482 1011 521 CASSIANI

543 576 893 603 FOROCORNELIENSls

148 680 333 711 Prudentius
353 689 370 712 e
390 681 558 712 domestico
578 691 696 713 secaesu
718 682 847 712 Romam
870 682 909 712 ab
932 682 1116 720 imperatore
1142 681 1276 710 Honorio

189 723 320 759 accitus,
332 731 422 760 penes
434 723 714 754 Forocornelienses
725 724 897 754 diversatus
911 725 970 759 est,
987 723 1034 752 uti
1050 723 1081 753 S.
1097 723 1275 753 Cassianum

188 766 398 800 veneraretur,
421 772 656 802 prosperumque
681 766 742 795 iter
769 765 961 803 impetraret.
986 765 1082 802 Prope
1102 764 1274 801 sepulcrum

188 806 290 835 sancti
312 807 459 843 martyris
482 807 512 835 in
534 807 654 844 pariete
675 807 830 844 picturam
852 814 989 841 eernenS‚
1012 805 1051 835 ab
1072 805 1195 834 aedituo
1224 805 1274 833 do-

188 848 288 883 cetur,
300 848 454 877 tormenta
469 847 513 877 ibi
528 848 764 885 repraesentari,
774 856 851 883 quae
868 856 886 877 a
897 846 1057 884 discipulis
1071 847 1135 875 suis
1149 848 1276 875 sanctus

188 887 253 918 ludi
266 888 414 924 magister
424 897 582 926 perpessus
593 890 652 919 est.
667 888 839 918 Historiam
862 888 1053 918 verissimam
1068 887 1156 917 nobis
1170 889 1273 924 poeta,

189 929 309 959 domum
331 937 480 965 reversus,
502 930 665 966 renarrat,
689 929 824 960 laetatus
847 929 925 966 quod
947 929 1029 959 tanti
1052 929 1201 966 martyris
1223 937 1274 957 au-

189 970 300 1001 xilium
321 971 461 1001 senserit.

147 1064 250 1106 Sulla
276 1064 411 1102 Forum
438 1064 570 1102 statuit
597 1064 808 1103 Cornelius:
840 1064 907 1102 hoc
936 1064 1025 1102 Itali
1059 1065 1184 1102 urbem
1215 1065 1273 1114 (1)

199 1117 376 1157 Vocitant
401 1117 448 1154 ab
475 1117 554 1165 ipso
582 1118 781 1155 conditoris
810 1118 969 1155 nomine.

147 1171 222 1209 Hic
247 1169 339 1208 mihi
365 1181 478 1218 quum
505 1172 663 1218 peterem
689 1172 740 1216 te,
770 1182 889 1208 rerum
918 1170 1077 1208 maxima
1107 1172 1236 1217 Roma,

200 1224 289 1272 Spes
315 1224 372 1261 est
398 1223 525 1261 oborta
551 1234 763 1271 prosperum
792 1224 977 1262 Christum
1006 1224 1093 1261 foro.

146 1276 291 1315 Stratus
309 1275 411 1313 humi
428 1276 568 1314 tumulo
591 1277 823 1322 advolvebar,
846 1288 951 1324 quem
971 1289 1071 1314 sacer
1090 1279 1197 1314 ornat
1252 1278 1273 1313 5

199 1330 356 1377 Mal-tyr,
387 1329 506 1367 dicato
536 1330 736 1367 CAssrAst
763 1340 923 1377 corpore.

147 1383 244 1421 Dum
252 1382 452 1420 lacrimans
461 1393 601 1420 mecum
611 1385 738 1430 reputo
753 1394 831 1420 mea
846 1382 998 1419 vulnera
1011 1382 1085 1431 (2),
1100 1384 1134 1419 ot
1150 1394 1275 1420 omnes

203 1435 308 1474 Vitae
333 1434 492 1481 labores,
523 1446 566 1473 ac
594 1435 756 1473 dolorum
785 1435 970 1481 acumina,

149 1488 256 1526 Erexi
283 1487 331 1525 ad
358 1487 495 1526 caelum
526 1488 656 1526 faeiem
676 1488 750 1537 (3),
782 1488 884 1526 stetit
910 1487 1016 1525 obvia
1044 1489 1170 1525 contra

200 1541 310 1580 Facis
336 1540 496 1579 colorum
522 1541 621 1588 picta
648 1540 770 1589 imago
797 1541 983 1588 martyris,
1227 1541 1274 1578 10

148 1593 288 1642 Plagae
314 1593 413 1631 mille
440 1605 586 1641 gerens,
615 1595 711 1631 totos
738 1593 897 1631 lacerata
924 1605 987 1641 per
1014 1595 1132 1639 artus,

200 1647 362 1695 Raptam
386 1645 540 1685 minutis
566 1645 774 1694 praeferens
800 1646 947 1694 punctis
973 1648 1107 1684 cutem.

210 1768 256 1808 (1)
277 1769 334 1799 hoc
355 1768 437 1799 Itali
458 1768 567 1798 urbem
592 1767 749 1798 Vocitant.
767 1767 854 1798 Hanc
869 1768 973 1798 urbem
996 1768 1027 1797 in
1049 1767 1150 1798 Gallia
1171 1768 1274 1806 Cispa-

148 1810 241 1847 dana,
263 1810 313 1841 cui
335 1818 441 1840 nomen
463 1817 543 1839 nunc
565 1809 687 1839 [molae
701 1811 760 1845 est,
777 1810 867 1839 aiunt
881 1810 1003 1839 Forum
1025 1810 1168 1840 Cornelii
1188 1819 1274 1840 voea-

148 1854 216 1882 tam
239 1860 258 1881 a
278 1852 431 1882 dictatore
452 1851 487 1882 L.
511 1849 600 1881 Corn.
624 1850 718 1888 Sylla,
743 1851 794 1886 qui
816 1859 884 1880 eam
906 1851 1055 1882 condidit.

213 1892 258 1931 (2)
280 1893 417 1923 vulnera
437 1891 546 1922 transi.
571 1891 637 1923 scil.
661 1891 805 1926 crimina,
828 1892 973 1922 admissa.

211 1934 257 1973 (3)
278 1934 322 1964 ad
343 1934 483 1969 coelum,
516 1941 607 1969 quum
641 1941 752 1970 pronus
785 1932 901 1962 tumulo
934 1932 1094 1962 advolutus
1119 1932 1273 1967 adoraret,

148 1975 249 2006 oculos
271 1975 302 2006 in
325 1975 422 2005 altum
452 1974 591 2005 sustulit.
615 1973 698 2003 Haec
731 1973 981 2003 animadvertant
1011 1973 1208 2004 Christianae
1228 1982 1275 2003 sa-

148 2016 285 2054 pientiae
305 2025 415 2051 osoreS,
440 2015 492 2052 qui
514 2017 629 2051 negant
651 2015 731 2044 ullas
753 2015 862 2052 primis
884 2015 1060 2051 quingentis
1081 2015 1171 2044 annis
1199 2015 1276 2044 ima-

149 2058 235 2094 gines
255 2058 309 2088 Dei
331 2060 364 2088 et
385 2058 506 2087 Beator.
531 2056 679 2087 Caelitum
713 2055 852 2094 depictas
884 2057 917 2086 in
945 2055 1068 2094 templis
1095 2055 1188 2086 ruisse
1208 2065 1275 2094 pro-

148 2099 282 2138 positas.
