1450 2537
157 162 204 200 78

535 171 684 198 AVRELII
712 170 909 197 PRVDENTII

144 1741 205 1785 ‚Ab—

208 285 397 332 Adprobat
421 286 545 322 tamen
574 285 671 322 Deus

261 339 429 376 Pedestre
459 337 517 386 (1)
547 349 707 383 carmen,
739 338 775 374 et
804 336 986 384 benignus
1015 337 1131 375 audit.

208 397 325 434 Multa
353 396 479 434 divitis
506 397 610 434 domo

260 450 336 487 Sita
364 452 419 487 est
446 461 507 497 per
538 461 662 487 omnes
690 448 846 497 angulos
876 448 1050 496 supellex:

207 509 339 557 Fulget
366 521 496 547 aureus
525 509 699 557 scyphus,
1231 509 1278 547 15

260 564 337 600 Neo
365 575 444 599 aero
475 562 561 600 defit
589 561 747 609 expolita
774 561 914 609 polvis3

208 623 275 660 Est
302 623 338 659 et
365 621 437 660 olla
466 621 604 666 fictilis,

259 675 460 723 Gravisque
488 676 524 713 et
551 674 672 722 ampla
699 676 873 722 argentea
900 675 955 711 est
982 674 1147 722 paropsis
1177 674 1252 724 (2).

207 735 300 773 Sunt
327 735 464 772 eburna
493 734 707 782 quaepiam3

258 787 450 826 Nonnulla
477 799 610 835 quercu
638 788 726 824 sunt
752 787 883 824 cavata
911 788 946 824 et
973 786 1084 824 ulmo.
1231 788 1280 825 20

208 847 324 886 Omne
352 857 418 883 vas
446 846 489 883 fit
515 846 619 891 utile,

258 900 360 946 Quod
388 901 442 937 est
470 900 516 936 ad
544 911 652 936 usum
679 909 884 946 congauens
912 898 1085 943 horilem3

206 959 403 997 Instruunt
429 958 525 996 enim
555 959 699 996 domum

260 1013 311 1049 Ut
337 1013 458 1059 empta
486 1023 636 1059 magno,
668 1012 719 1049 sio
747 1013 876 1058 parata
904 1011 1020 1059 ligno.

207 1071 265 1108 Me
292 1073 442 1118 paterno
470 1071 508 1108 in
533 1071 640 1116 atrio,
1229 1071 1278 1108 25

260 1125 310 1161 Ut
337 1124 536 1162 obsoletum
566 1124 624 1172 (3)
654 1123 858 1169 vasculum,
890 1123 1038 1161 caducis

208 1183 375 1221 Christus
403 1184 507 1230 aptat
533 1183 682 1227 usibus,

260 1236 423 1283 Sinitque
451 1238 553 1282 parte
581 1236 619 1272 in
648 1235 776 1283 anguli
804 1247 964 1273 manere.

208 1296 344 1333 Munus
372 1307 452 1333 ecce
480 1295 591 1333 fictile

259 1348 404 1386 Inimus
430 1349 529 1386 intra
555 1349 694 1396 regiam
723 1349 878 1395 salutis3
1125 1381 1131 1387 .
1229 1350 1280 1388 30

206 1408 382 1446 Attamen
408 1407 466 1445 vel
493 1407 657 1444 infimam

258 1461 334 1498 Deo
361 1460 590 1508 obsequelam
617 1461 842 1508 praestitisse
871 1462 1030 1509 prodest.

206 1519 391 1567 Quidquid
418 1519 511 1556 illud
539 1519 693 1566 accidet,

258 1572 407 1611 Iuvabit
433 1583 492 1610 ore
519 1584 733 1620 personasse
763 1572 963 1611 Christum.

215 1696 259 1734 (1)
277 1695 433 1734 pedestre.
456 1695 574 1725 Transl.
599 1695 726 1731 humile,
750 1697 837 1732 quasi
866 1696 993 1733 pedibus
1015 1696 1157 1727 incedens
1181 1697 1281 1737 πεζὸς

204 1754 268 1787 (ος.
290 1743 326 1772 V.
351 1743 461 1780 QVINT.
486 1742 526 1777 X,
543 1743 569 1778 1,
587 1743 642 1778 81;
666 1743 747 1773 ΗοΒ.
765 1743 808 1772 acl
823 1744 893 1773 Pis.
912 1744 968 1778 95;
993 1744 1105 1782 Lyric.
1125 1744 1153 1779 1,
1172 1745 1222 1780 12,
1239 1746 1276 1776 9:

145 1789 222 1820 Sat.
247 1790 299 1826 VI,
323 1791 337 1819 1
344 1791 359 1820 7
366 1813 373 1819 .

215 1849 259 1886 (2)
278 1850 445 1887 paropsis.
469 1848 496 1878 A
517 1849 609 1893 παρὰ
632 1850 664 1878 et
687 1848 785 1892 ὄψον,
812 1849 886 1885 Alii,
910 1849 958 1878 uti
991 1849 1024 1878 in
1056 1849 1169 1879 Bodon.
1192 1849 1277 1879 Edit.

153 1898 185 1926 et
199 1905 270 1925 mss.
278 1897 449 1934 parapsis,
458 1904 620 1932 vocemque
632 1897 774 1927 derivant
788 1905 807 1926 a
818 1896 910 1942 παρά
932 1897 964 1926 et
986 1894 1079 1940 ἁψίς,
1102 1897 1175 1933 quia
1188 1905 1278 1934 para·

151 1944 214 1981 psis
236 1949 283 1973 est
305 1952 358 1973 vas
380 1952 506 1973 curvum
529 1951 707 1980 cavumque.

214 2003 257 2039 (3)
280 2002 448 2031 obsoletum
471 2003 651 2033 vasculum.
669 2003 760 2032 Vides
775 2002 909 2038 omnino,
925 2002 1032 2038 lector,
1049 2002 1097 2032 uti
1119 2002 1280 2032 humiliter

153 2050 245 2085 atque
276 2049 404 2079 demisse
436 2050 472 2079 de
500 2059 531 2080 se
558 2053 648 2088 poeta
675 2050 812 2087 sentiat,
835 2049 1012 2080 Christiana
1044 2049 1201 2087 sapienti}
1223 2049 1278 2080 im·

153 2096 258 2127 butus.
