1450 2537
199 145 246 183 28

203 2076 292 2108 Pm.
311 2078 418 2110 Maior.
440 2078 524 2116 XIV,
549 2079 600 2110 14.
621 2078 704 2109 Hon.
726 2078 769 2115 Π,
792 2077 859 2109 Sat.
882 2077 914 2113 2,
939 2076 989 2107 15.

577 153 726 182 AVRELII
754 151 952 179 PRVDENTII

251 268 372 305 Audet
400 280 437 305 so
465 267 594 314 pelago
623 266 763 304 credere
791 275 962 302 concavo.

304 322 416 357 Ibant
443 319 632 367 praecipiti
660 319 804 356 turbine
833 317 970 364 percita

252 374 401 410 Fluctus
430 385 492 420 per
520 373 656 410 medios
683 371 834 418 agmina
862 370 984 417 regi-23

251 427 318 463 Sed
346 426 498 463 confusa
527 426 657 462 dehinc
684 425 784 461 unda
811 423 1008 460 revolvitur
1275 423 1295 459 7

252 480 297 515 In
327 481 439 516 semet
466 478 635 516 revolans
664 476 808 524 gurgite
837 476 978 513 confluo
1009 475 1082 521 (1).

306 533 439 569 Currus
466 533 568 576 tunc,
600 532 635 567 et
662 541 786 577 equos,
816 529 959 575 telaque
988 527 1185 575 naufraga,

253 585 358 631 Ipsos
387 586 422 622 et
449 595 625 631 proceres,
656 585 692 620 et
718 594 815 629 vaga
842 592 990 628 corpora

253 638 449 684 Nigrorum
480 637 603 673 videas
632 647 718 672 nare
747 635 961 679 satellitum,
1239 668 1242 669 ⁷

252 691 359 727 Arois
387 690 566 727 iustitium
594 689 697 726 triste
725 688 952 736 tyrannicae.
1275 687 1324 723 80

306 744 402 788 Quae
430 743 578 779 tandem
606 741 736 789 poterit
762 741 892 788 lingua
920 742 1076 777 retexere

252 797 408 841 Laudes,
441 796 595 840 Christe,
627 796 736 831 tuas?
765 794 827 841 qui
855 794 1029 830 domitam
1059 793 1204 829 Pharon
1237 793 1296 840 (2)

254 849 381 895 Plagis
410 848 632 885 multimodis
661 847 783 885 cedere
811 846 971 894 praesuli
1001 846 1059 894 (3)

254 902 362 949 Cogis
391 902 551 938 iustitiae
579 901 720 938 vindice
749 901 916 944 dextera;

308 955 376 999 Qui
405 956 554 1000 pontum
583 954 720 1001 rapidis
749 953 910 990 aestibus
938 952 1076 989 invium
1276 952 1324 988 85

258 1008 462 1045 Persultare
491 1009 607 1052 vetas,
638 1009 680 1044 ut
707 1007 817 1043 refluo
846 1006 883 1043 in
914 1005 991 1042 salo

254 1062 405 1098 Securus
433 1062 570 1107 pateat,
601 1062 636 1097 te
665 1060 767 1105 duce,
798 1059 992 1103 transitus,

254 1114 302 1150 Et
329 1124 410 1150 mox
438 1114 537 1149 unda
565 1125 678 1159 rapax
706 1115 747 1149 ut
775 1114 875 1149 voret
902 1111 1058 1158 impios3

1300 424 1321 459 <ss

308 1166 373 1203 Cui
402 1166 523 1203 ieiuna
552 1166 660 1203 eremi
691 1166 748 1213 (4)
779 1177 867 1202 saxa
894 1165 1108 1212 loquacibus
1373 1204 1378 1209 ‚

253 1219 452 1256 Exundant
480 1219 667 1264 scatebris,
699 1220 734 1255 et
760 1218 887 1256 latices
915 1229 1027 1255 novos
1276 1217 1326 1253 90

255 1272 392 1308 Fundit
419 1272 533 1309 scissa
561 1272 674 1318 silex,
706 1283 797 1319 quae
826 1271 1033 1309 sitientibus

254 1326 328 1362 Dat
356 1327 479 1371 potum
508 1325 651 1372 populis
675 1320 744 1362 'axe
774 1325 841 1362 sub
869 1325 990 1372 igneo.

308 1378 433 1415 Instar
462 1378 558 1415 fellis
587 1389 682 1425 aqua
709 1378 877 1415 tristifico
906 1377 944 1414 in
971 1377 1053 1413 lacu

255 1431 314 1467 Fit
341 1431 435 1478 ligni
462 1432 569 1468 venia
596 1431 666 1468 mel
694 1431 794 1468 velut
821 1430 986 1468 Atticum
1016 1430 1099 1478 (5):

255 1484 414 1530 Lignum
443 1486 511 1529 est,
544 1495 613 1531 quo
642 1484 792 1531 sapiunt
819 1495 948 1530 aspera
977 1483 1140 1525 dulcius3
1279 1483 1326 1518 95

255 1538 352 1573 Nam
380 1538 540 1583 praefixa
569 1537 674 1574 Cruci
702 1549 784 1584 spes
812 1537 998 1574 hominum
1027 1536 1139 1581 viget.

309 1590 441 1636 Implet
468 1592 588 1627 castra
615 1590 718 1627 cibus
745 1592 833 1627 tunc
862 1600 1009 1636 quoque,
1030 1588 1246 1635 ninguidus,

255 1643 430 1680 Inlabcns
458 1643 580 1690 gelida
607 1643 787 1691 grandine
816 1642 991 1680 densius:

255 1695 327 1732 His
354 1707 500 1733 mensas
528 1696 658 1743 epulis,
689 1697 758 1733 hac
787 1697 877 1743 dape
905 1695 1138 1741 construunt,

255 1748 372 1794 Quam
399 1749 463 1786 dat
489 1749 626 1787 sidereo
656 1749 822 1787 Christus
851 1750 897 1786 ab
925 1749 1081 1785 aethere.
1255 1745 1329 1783 100

265 1847 310 1887 (l)
334 1850 468 1886 confluo.
493 1849 527 1878 In
550 1849 665 1879 duobus
687 1848 810 1878 Vatiae.
833 1847 946 1883 refluo.

269 1894 313 1934 (2)
337 1896 482 1926 Pharon.
506 1896 635 1933 Synecd.
657 1904 711 1934 pro
733 1903 767 1926 eo
789 1894 868 1931 quod
889 1897 937 1922 est
957 1892 1143 1930 Aegyptum.

269 1942 313 1980 (3)
331 1944 495 1980 praesuli.
519 1943 629 1981 Moysi.

269 1988 312 2027 (4)
337 1992 444 2020 eremi.
468 1990 637 2020 Secundam
660 1990 692 2019 in
713 1998 786 2020 voce
807 1989 905 2019 eremi
929 1988 1100 2025 correptam
1122 1985 1236 2017 cernis.

269 2037 312 2073 (5)
337 2038 450 2067 malm.
468 2038 626 2068 Atticum.
650 2037 692 2067 De
713 2037 805 2066 melle
826 2036 932 2066 Attico
953 2034 990 2064 V.
1007 2033 1113 2072 hymn.
1136 2033 1194 2070 111,
1217 2032 1269 2064 71.
1292 2048 1332 2056 —-
