1450 2537
206 159 281 197 134
587 166 735 193 AvnELn
764 165 960 191 ravonwrn

527 279 700 317 Disthinc
729 277 861 315 hiulcis
888 277 1020 314 ictibus
1059 276 1118 325 (1)

473 334 619 370 Nudate
648 333 831 369 costarum
859 330 1000 375 abdita,

471 386 521 422 Ut
549 397 611 432 per
638 385 790 421 lucunas
819 383 1010 420 vulnerum
1252 382 1328 420 115

468 439 572 475 Iecur
599 439 773 474 retectum
801 436 966 484 palpitet.
1015 448 1036 469 »
1069 457 1117 463 —

523 491 678 528 Ridebat
706 491 795 527 haec
823 490 927 526 miles
956 489 1037 534 Dei,

469 546 602 581 Manus
631 545 800 581 cruentas
828 543 1036 589 increpans,

468 598 570 642 Quod
599 597 672 633 fixa
700 607 772 633 non
801 595 1017 643 profundius

469 651 631 687 Intraret
659 651 760 687 artus
787 649 943 696 ungula.
1254 647 1330 685 120

522 705 576 740 Ac
605 703 678 739 iam
707 713 811 740 omne
839 703 947 740 robur
975 701 1121 738 fortium

469 757 714 794 Eviscerando
741 757 912 801 cesserat,

469 811 505 847 N
510 810 656 857 isusque
685 809 840 846 anhelus
869 808 1027 846 solverat

471 864 601 900 Fessos
628 862 845 900 lacertorum
871 863 983 899 toros.

523 918 595 954 Ast
622 916 683 953 ille
710 917 814 953 tanto
841 915 985 961 laetior,
1256 912 1331 951 125

472 969 583 1007 Omni
610 970 802 1008 vacantem
830 968 956 1006 nubilo

472 1023 643 1060 Frontem
671 1034 837 1060 serenam
864 1020 1037 1065 luminat,

470 1077 534 1122 Te,
567 1076 724 1121 Christe,
754 1076 983 1122 praesentem
1010 1074 1153 1111 videns.

525 1129 716 1175 «—Quis
745 1128 869 1166 vultus
896 1128 980 1173 iste,
1010 1138 1074 1175 pro
1103 1126 1240 1174 pudor!

472 1182 656 1220 Datianus
684 1182 806 1219 aiebat
833 1181 980 1219 furens:
1257 1179 1333 1217 130

471 1235 629 1283 Gaudet,
659 1235 814 1280 renidet,
845 1234 1031 1282 provocat,

472 1290 619 1327 Tortore
645 1289 765 1326 tortus
793 1288 922 1325 acrior.

526 1342 592 1380 Nil
618 1342 684 1379 illa
711 1341 768 1379 vis
795 1341 952 1379 exercita

473 1396 543 1434 Tot
570 1395 760 1433 noxiorum
788 1393 965 1432 mortibus

473 1450 604 1497 Agone
631 1448 671 1486 in
700 1447 770 1486 isto
798 1447 955 1495 proficit,
1259 1444 1300 1482 1-

473 1504 547 1541 Ars
574 1504 611 1540 et
638 1501 800 1539 dolorum
829 1500 1001 1539 vincitur.

528 1556 597 1593 Sed
623 1566 703 1600 vos,
735 1555 875 1592 alumni
903 1552 1074 1599 carceris,
1108 1551 1166 1600 (2)

475 1610 548 1646 Par
577 1619 716 1656 semper
744 1608 923 1645 invictum
950 1606 1056 1652 mihi,

477 1662 647 1700 Cohibete
675 1661 841 1709 paullum
870 1661 1050 1705 dexteras,

476 1716 643 1763 Respiret
670 1717 712 1752 ut
739 1714 861 1752 lassus
888 1713 1007 1760 vigor.
1261 1709 1337 1748 140

530 1768 724 1806 Praesicca
751 1778 878 1805 rursus
905 1767 1042 1812 ulcera,

477 1823 573 1861 Dum
602 1834 639 1860 se
668 1821 818 1859 cicatrix
845 1819 987 1867 colligit

482 1874 703 1924 Refrigerati
731 1873 940 1921 sanguinis,

477 1931 611 1968 Manus
639 1927 830 1966 resulcans
859 1926 990 1963 diruet.
1023 1938 1045 1960 »
1077 1946 1122 1952 —-

1285 1445 1308 1483 ez>

1313 1444 1335 1481 cs!

276 2014 320 2051 (1)
345 2014 464 2042 hiulcis
486 2012 612 2042 ictibus.
637 2010 775 2047 Ungulas
796 2009 912 2045 tangit,
936 2009 972 2038 de
999 2008 1107 2045 quibus
1130 2007 1161 2037 in
1184 2006 1297 2044 hymno
1314 2005 1339 2036 1.

215 2057 245 2087 in
268 2056 320 2085 SS.
346 2056 479 2084 Emeter.
503 2057 534 2083 et
558 2053 675 2084 Chelid.
699 2061 728 2082 v.
751 2052 802 2080 44.

278 2096 322 2135 (2)
347 2098 475 2126 alumni
497 2096 647 2125 carceris.
672 2093 847 2124 carnifices.
