1450 2537
177 165 250 206 186
556 174 703 206 aventu
731 175 927 205 PRVDENTn

1067 239 1076 241 -
1085 235 1296 243 .—-..-.—-—-.=

282 292 388 329 Fabri
417 292 577 337 deorum,
609 292 664 329 vel
694 292 863 337 parentes
893 290 1106 327 numinum:

279 346 361 390 Qui,
393 346 423 381 si
451 345 606 381 caminis
637 344 858 381 institissent
885 343 1049 390 segmina

279 399 362 435 Non
392 400 486 435 esset
514 398 612 434 ullus
642 397 806 443 IuppIter
835 395 1046 433 conflatilis.
1220 397 1294 433 295

331 457 414 493 Non
444 456 641 501 erubescis,
673 455 797 500 stulte,
829 466 923 502 pago
952 455 1070 491 dedite
1100 454 1174 502 (1),

279 510 326 546 'se
354 511 459 545 tanta
487 520 627 555 semper
653 508 852 555 perdidisse
881 507 1032 545 obsonia
1060 509 1146 556 (2):

279 566 376 607 Quae
404 563 460 598 dis
489 562 633 608 ineptus
661 561 825 597 obtulisti
851 561 1002 606 talibus,

278 620 374 660 Quos
401 614 512 651 trulla
542 615 617 662 (3),
648 614 777 660 pelvis,
809 614 1023 659 cantharus,
1053 613 1275 661 sartagines,

283 669 409 704 Fracta
437 669 473 703 et
500 667 642 714 liquata
669 667 903 704 contulerunt
930 667 1079 704 vaseula
1095 669 1112 704 Ρ
1219 668 1294 704 300

330 727 486 773 Ignosco
514 725 627 762 fatuis
655 726 743 762 haee
770 727 894 762 tamen
922 725 1150 772 vulgaribus,

279 782 373 824 Quos
401 779 488 815 lana
514 780 625 816 terret
653 778 831 815 discolora
858 778 897 815 in
925 778 1048 825 stipite
1078 779 1150 826 (4),

277 837 372 877 Quos
401 843 506 879 saepe
535 831 655 869 salsus
683 831 876 869 circulator
905 832 960 878 (5)
990 831 1145 878 decipit:

277 885 414 930 Quibus
424 896 527 922 omne
543 887 711 922 sanctum
722 887 790 930 est,
801 885 895 932 quod
904 885 1110 931 pavendum
1125 885 1294 922 rancidae

276 938 540 975 Edentularum
568 937 773 975 cantilenae
806 937 1001 975 suaserint.
1217 939 1293 975 305

234 1066 284 1107 (1)
302 1077 388 1105 payo
411 1067 524 1103 dedite,
547 1075 677 1104 pagane.
708 1066 755 1096 Ex
777 1066 887 1096 Wossii
909 1066 1054 1097 Aetimol.
1087 1066 1208 1105 proprie
1240 1075 1293 1104 pa-

126 1136 130 1139 .
171 1110 244 1145 gani
264 1109 456 1145 ductantur,
473 1109 573 1145 quiin
594 1109 682 1146 pagis
704 1108 905 1143 habitabant;
929 1110 995 1138 tum
1018 1109 1070 1144 qui
1091 1109 1221 1138 otiosam
1249 1109 1295 1138 vi-

170 1153 237 1180 tam
258 1158 453 1186 securamque
475 1150 695 1186 traducebant,
718 1149 822 1187 procul
844 1159 862 1179 a
884 1150 1011 1185 militia,
1035 1150 1175 1186 curisque
1196 1151 1229 1180 et
1248 1150 1293 1179 la-

171 1193 293 1221 boribus
307 1192 427 1220 remoti.
442 1192 530 1228 Apud
541 1192 704 1228 scriptores
715 1191 943 1222 Ecclesiasticos
954 1192 1066 1229 pagani
1078 1191 1294 1228 intelliguntur

172 1234 224 1269 qui
246 1234 315 1262 deos
337 1233 427 1262 falsos
450 1233 563 1266 colunt,
587 1234 783 1269 retinentque
804 1234 920 1262 veteres
942 1233 1186 1270 superstitiones,
1214 1241 1293 1268 quae

170 1275 289 1304 diutius
316 1275 347 1303 in
379 1275 467 1311 pagis
488 1275 629 1310 villisque
650 1275 802 1304 mordicus
824 1274 1072 1309 observarentur;
1096 1283 1168 1304 nam
1190 1274 1221 1303 in
1243 1283 1292 1303 ur-

170 1316 259 1345 bibus
279 1324 357 1344 nova
382 1315 498 1345 Christi
520 1316 628 1351 religio
649 1325 751 1346 omnes
772 1316 892 1345 ordines
914 1316 1102 1353 pervaserat,
1126 1316 1158 1346 et
1178 1315 1294 1353 templa

171 1357 211 1386 ad
231 1357 372 1386 honorem
394 1357 458 1386 veri
480 1357 534 1386 Dei
555 1358 783 1387 extruebantur.
805 1357 898 1387 Plura¹
919 1358 1055 1387 invenies
1076 1357 1113 1386 de
1135 1357 1192 1386 hac
1205 1365 1239 1386 re
1260 1357 1293 1386 in

170 1407 257 1435 opere
268 1399 317 1427 De
335 1399 408 1427 Vita
420 1400 532 1436 Antiq.
548 1399 663 1430 Benev.
680 1408 711 1436 p.
727 1399 796 1429 275.
812 1399 888 1429 Vide
899 1399 931 1428 et
951 1400 1158 1428 annmvmvm
1171 1398 1293 1428 Contra

171 1441 294 1477 Symm.
320 1439 362 1474 Π,
385 1440 461 1475 450;
486 1442 518 1469 et
539 1440 571 1468 in
594 1440 649 1470 hoo
682 1441 746 1478 ipso
779 1440 891 1478 hymno
913 1449 943 1471 v.
970 1440 1060 1470 1015.
1086 1439 1178 1469 Aliud
1208 1439 1294 1469 vocis

170 1483 292 1518 etymon
314 1480 440 1510 habebis
460 1482 540 1519 apud
554 1482 754 1517 MAzocmvm,
771 1483 871 1511 virum
886 1482 1042 1511 eruditiss.
1059 1481 1092 1511 in
1106 1490 1160 1511 suo
1175 1481 1290 1519 Spicil.

171 1523 259 1553 Bihl.
285 1522 348 1551 Vol.
374 1523 429 1557 ΙΙΙ,
452 1531 482 1560 p.
517 1523 588 1552 295.
612 1523 671 1552 Hic
704 1524 800 1560 vides,
823 1523 918 1553 lector
940 1524 1049 1559 amice,
1067 1532 1154 1562 pago
1176 1523 1290 1558 dedite,

170 1572 222 1593 seu
240 1573 369 1601 paqane
391 1564 453 1593 diei
474 1573 527 1601 per
548 1565 711 1602 prolepsin.

233 1604 279 1644 (⁴2)
303 1605 450 1636 Obsonia.
474 1606 592 1636 Transi.
616 1606 691 1642 liba,
713 1606 875 1636 sacrificia.

233 1646 283 1686 (3)
310 1647 439 1681 Τνιιῖῖα,
458 1648 574 1685 pelvis,
599 1649 659 1677 etc.
684 1648 860 1677 Istiusmodi
876 1648 969 1684 vasis,
986 1655 1078 1684 quum
1099 1647 1212 1678 nullius
1227 1656 1291 1677 am-

170 1687 250 1724 plius
271 1697 341 1716 usus
363 1690 474 1724 essent,
498 1689 636 1718 conflatis
658 1689 740 1719 idola
761 1690 956 1725 effingebant.

233 1728 282 1767 (4)
307 1730 384 1758 Zama.
416 1733 512 1758 terret
533 1731 702 1761 discolora.
727 1731 761 1760 In
792 1731 943 1760 nonnullis
965 1730 1056 1761 editt.
1080 1731 1113 1760 et
1139 1731 1172 1760 in
1193 1730 1291 1759 Weit-

170 1770 258 1799 ziana
273 1772 305 1799 et
318 1770 590 1800 Amstelodamensi
602 1773 673 1801 anni
690 1779 858 1801 M.DC.XXX1
872 1772 988 1808 legitur
1001 1772 1150 1801 discolor.
1169 1771 1291 1801 Veteres

169 1811 325 1840 nonnullas
346 1812 468 1842 arbores
489 1814 611 1842 sanctas
633 1813 764 1843 habuere
778 1836 786 1849 ,
809 1822 885 1850 quae
907 1813 1044 1842 umbram
1072 1813 1220 1848 facerent,
1241 1822 1288 1842 sa-

168 1861 252 1881 crum
276 1853 428 1882 horrorem
450 1854 660 1884 ineutientem.
683 1855 748 1884 Has
769 1856 858 1884 vittis
872 1855 1045 1891 taeniisque
1065 1855 1227 1884 ornabant.
1251 1853 1288 1884 V.

168 1893 268 1923 anr).
294 1895 415 1923 Contra
437 1895 597 1932 Symmac.
622 1896 663 1931 II,
688 1897 779 1931 1009,
795 1898 828 1926 et
842 1896 964 1926 ARNOB.
981 1896 1146 1926 Adversus
1162 1896 1288 1930 Gentes,

168 1935 200 1963 L.
223 1935 256 1963 V.
281 1952 319 1956 —
341 1936 412 1964 Tres
434 1936 550 1965 Vatice.
574 1946 692 1966 versum
716 1938 746 1966 in
769 1937 848 1967 hune
870 1938 990 1967 modum
1012 1938 1180 1973 refingunt:
1206 1938 1290 1974 Quos

168 1985 277 2004 verum
300 1977 377 2005 latet
398 1978 455 2014 qm*
481 1978 589 2013 fidunt
610 1980 646 2007 in
667 1980 801 2017 stipite;
823 1979 963 2015 huncque
985 1980 1142 2009 WmTszs
1161 1978 1290 2008 offendit.

168 2017 200 2045 in
222 2018 322 2046 tribus
343 2018 406 2047 suis
428 2019 513 2047 codd.

230 2058 278 2096 (5)
303 2059 413 2088 salsus
433 2061 619 2089 circulator.
650 2061 758 2091 Hems.
781 2070 829 2093 ex.
850 2061 964 2091 duobus
994 2070 1080 2097 mss.;
1103 2061 1155 2091 sed
1186 2069 1288 2092 onmes

167 2099 228 2130 sere
243 2100 357 2130 Vatice.
375 2101 529 2138 ceterique
542 2101 784 2141 habentfalsus.
800 2103 933 2134 Eandem
948 2103 1019 2134 lect.
1036 2103 1212 2134 describunt
1223 2103 1287 2134 Iso-
