1450 2537
183 158 258 195 2:38
564 167 714 194 Arnum
741 167 939 194 annnu'rn

182 281 388 320 Omnicolor
416 281 551 318 vitreas
579 280 722 327 pictura
753 291 907 326 superne
934 280 1075 328 tinguit
1101 280 1237 327 undas,

236 334 353 371 Musei
382 334 543 371 relucent
573 333 649 381 (1),
680 335 716 370 et
743 333 890 370 virescit
916 344 1068 370 aurum:
1257 335 1308 372 40

180 388 416 434 Cyanousque
443 387 540 424 latex
561 385 619 434 (2)
640 387 806 423 umbram
824 385 942 423 trahit
959 386 1184 424 imminentis
1203 387 1307 432 ostri;

234 441 367 477 Credas
395 439 529 477 moveri
558 439 730 477 fluctibus
756 440 922 476 lacunar.

182 494 312 530 Pastor
340 504 424 530 oves
453 492 520 529 alit
549 491 608 541 (3)
639 492 716 539 ipse
745 492 820 529 illic
848 492 960 538 gelidi
988 492 1106 541 rigore
1135 491 1264 540 fontis,

234 546 342 583 Videt
369 545 469 582 sitire
498 556 588 592 quas
617 545 755 582 fluenta
785 545 935 583 Christi.

180 599 289 636 Parte
318 598 392 634 alia
419 598 569 635 titulum
599 599 716 635 PAvm
738 597 797 646 (4)
819 598 879 634 via
897 598 1021 635 servat
1040 598 1237 645 Ostiensis,
1259 598 1309 637 45

232 652 311 697 Qua
339 650 491 698 stringit
518 651 639 688 amnis
666 651 839 698 cespitem
867 650 1072 688 sinistrum.
1258 675 1264 677 Δ

180 704 297 753 Regia
320 715 452 751 pompa
476 704 546 741 loci
570 705 627 741 est
647 702 728 752 (5):
746 703 917 752 princeps
944 704 1061 741 bonus
1078 703 1136 753 (6)
1157 704 1226 742 has
1251 716 1308 742 sa-

1028 755 1163 808 [cravit
1189 769 1307 804 arces;

244 915 289 953 (1)
312 916 419 944 Musei
441 915 593 946 relucent.
616 915 653 945 In
675 923 733 945 uno
755 915 821 946 cod.
839 915 954 951 Vatic„
973 915 1047 945 haec
1062 915 1162 951 glossa
1178 914 1309 952 legitur:
1348 895 1370 917 χ’
1396 917 1398 921 “

180 966 198 984 «
223 957 400 986 viriditates
423 957 558 986 relucent
579 966 616 986 ex
638 957 762 986 laminis
785 957 896 995 aureis,
923 965 999 992 quae
1031 958 1103 986 sunt
1136 957 1245 987 affixae
1266 957 1310 987 la-

180 999 357 1034 quearibus:
376 998 491 1034 haeque
508 999 645 1027 vicissim
661 998 791 1027 viridem
807 998 970 1027 herbarum
986 998 1115 1027 colorem
1130 998 1272 1030 reddunt.
1291 1009 1310 1026 »

241 1045 285 1082 (2)
300 1045 508 1083 Cyaneusque
525 1045 623 1075 lateat.
637 1045 683 1074 En
691 1045 837 1081 quomodo
848 1044 958 1081 locum,
971 1044 1152 1082 paraphrasi
1164 1054 1236 1075 usus
1243 1054 1310 1082 sua,

179 1086 303 1116 liberius
314 1086 457 1122 explanet
468 1087 579 1117 Srspn.
595 1087 854 1116 CHAMILLARDvs:
869 1097 886 1113 «
900 1090 1002 1122 Aquae
1013 1085 1170 1116 caeruleae
1181 1086 1311 1116 trahunt

179 1127 306 1157 colorem
328 1128 403 1156 ostri
426 1128 552 1164 desuper
574 1128 650 1165 picti
674 1129 705 1156 in
727 1136 859 1166 camera,
884 1130 915 1157 et
948 1128 1074 1164 laquear
1095 1136 1235 1158 camerae
1255 1128 1310 1158 flu·

179 1170 284 1198 ctuum
305 1169 438 1197 motibus
460 1170 572 1204 agitari
597 1169 728 1199 videtur.
754 1179 772 1196 »

240 1215 284 1254 (3)
307 1217 435 1245 Pastor.
452 1215 498 1244 Ex
513 1216 668 1245 sententia
683 1216 779 1245 Isorm
793 1216 896 1252 pistor
912 1216 960 1245 est
975 1215 1006 1246 S.
1020 1216 1145 1251 Petrus3
1162 1216 1216 1245 sed
1230 1215 1311 1246 nihil

179 1257 267 1286 vetat
299 1257 458 1292 quominus
486 1256 644 1293 epitheton
674 1257 711 1288 ad
742 1257 807 1285 eius
836 1265 1022 1286 successores
1052 1257 1232 1293 referamus,
1257 1257 1310 1293 qui

179 1298 353 1327 universum
375 1297 544 1327 Christiani
566 1298 698 1327 nominis
724 1306 845 1334 gregem
872 1298 1007 1328 fontibus
1029 1298 1208 1336 pabulisque
1229 1298 1309 1328 salu-

178 1339 282 1369 bribus
304 1339 462 1368 doctrinae
482 1341 607 1368 sanctae
630 1340 781 1369 reficiunt.

241 1387 285 1424 (4)
307 1386 441 1415 titulum
473 1386 586 1416 Ραιιῑί.
616 1386 787 1416 CELLAmvs
820 1387 1051 1424 inscriptionem
1084 1387 1310 1425 interpretatur

178 1428 313 1456 titulum
322 1438 335 1464 ;
357 1435 468 1463 nosque
490 1427 546 1456 hoc
566 1436 656 1457 sensu
679 1428 852 1464 accepimus
874 1436 975 1457 vocem
994 1428 1026 1457 in
1042 1428 1153 1466 hymno
1168 1428 1200 1460 S.
1218 1428 1307 1459 Vino.

179 1478 209 1500 v.
234 1469 305 1499 392.
329 1469 386 1499 Sed
408 1468 459 1498 hic
482 1469 521 1497 ad
537 1469 682 1506 templum
699 1469 881 1498 Paulianum
903 1469 1025 1499 videtur
1045 1469 1137 1507 poeta
1157 1470 1307 1507 spectare.

179 1510 273 1539 Aedes
295 1518 425 1545 namque
447 1509 519 1544 Deo,
538 1510 573 1540 B.
598 1511 638 1541 M.
665 1510 798 1546 Virgini,
822 1511 986 1547 Beatisque
1008 1510 1178 1541 Caelitibus
1205 1519 1310 1540 sacras

179 1551 290 1580 titulos
313 1551 466 1580 interdum
488 1551 592 1580 vocari
618 1551 727 1581 docent
747 1552 969 1581 BELLARMINVS
991 1552 1052 1590 (De
1074 1552 1174 1582 Cultu
1195 1552 1306 1583 Sanct.

178 1593 235 1627 ΙΙΙ,
260 1592 309 1629 4):
334 1592 422 1623 eard.
458 1593 547 1622 Boiu
571 1591 659 1629 (Rer.
691 1593 896 1630 Lituryicar.
920 1593 965 1630 Ῑ);
990 1593 1180 1623 BmGnAMVS
1201 1593 1306 1631 (Oriy.

180 1634 297 1664 Eccles.
322 1634 356 1664 Τ.
381 1634 437 1668 m,
460 1634 493 1670 I,
517 1634 552 1669 8,
576 1643 602 1664 c.
629 1634 676 1671 1);
701 1634 814 1664 STEPH.
847 1635 1042 1664 Monanmvs
1072 1634 1132 1672 (De
1148 1634 1232 1673 stylo
1253 1635 1308 1664 In-

177 1676 289 1713 script,
312 1675 364 1705 L.I
378 1675 420 1710 Π,
443 1675 461 1712 §t
482 1675 513 1710 4,
537 1684 566 1712 p.
586 1675 658 1709 512,
683 1684 709 1705 c.
728 1675 758 1712 2)
775 1679 807 1704 et
821 1675 909 1706 Card.
929 1676 1083 1705 NlconAvs
1105 1675 1307 1712 WISEMANVS,
1367 1694 1370 1696 -
1395 1663 1405 1700 ss

179 1717 346 1753 (Fabiola,
363 1725 380 1745 o
398 1716 431 1745 la
449 1717 563 1745 Clziesa
578 1716 657 1745 delle
674 1716 870 1752 Catacombe,
886 1717 979 1746 Parte
993 1717 1035 1753 11,
1051 1726 1078 1746 c.
1097 1717 1133 1751 2;
1149 1721 1179 1746 et
1193 1717 1306 1754 alibi).

180 1774 217 1778 —
241 1759 294 1786 via
318 1758 483 1792 Ostiensis,
510 1765 586 1793 quae
619 1766 638 1786 a
660 1762 749 1794 porta
770 1757 902 1788 Ostiensi
926 1758 1017 1795 (nunc
1033 1761 1134 1797 porta
1155 1758 1190 1789 S.
1207 1758 1308 1788 Panlo

178 1799 254 1835 fnor
275 1799 354 1827 delle
376 1799 494 1834 mura)
517 1799 555 1827 ad
577 1799 695 1828 Ostiam
717 1799 857 1836 perducit
879 1799 995 1835 urbem,
1019 1800 1058 1829 ab
1089 1799 1172 1829 Anco
1193 1799 1309 1830 Martio

178 1841 344 1875 conditam,
368 1848 428 1876 qua
449 1840 571 1870 Tiberis
591 1841 623 1869 in
646 1848 729 1869 mare
752 1841 866 1871 influit.

239 1887 283 1922 (5)
305 1887 396 1923 reaia
425 1895 558 1924 pompa.
582 1886 738 1923 Templum
771 1887 943 1916 excitatum
975 1886 1060 1922 regio
1085 1886 1241 1924 splendore
1262 1886 1307 1916 in·

178 1927 280 1962 signe:
305 1928 401 1964 Bessis
423 1937 503 1965 opus
526 1927 693 1957 diceremus
718 1937 785 1957 eum
803 1928 961 1957 Vmwsmo
977 1929 1068 1965 poeta
1085 1928 1160 1965 (Ep.
1176 1927 1221 1957 ad
1235 1928 1306 1958 Pis.

178 1969 242 2004 ⁶20).
267 1969 380 2005 Pompa
403 1972 505 1998 tamen
529 1969 583 1998 hoo
605 1977 693 1998 sensu
709 1969 747 1998 ad
763 1969 944 1998 deteriorem
959 1969 1152 1998 latinitatem
1173 1971 1307 2006 spectat,

179 2010 224 2038 uti
243 2019 417 2047 pomposus
439 2011 471 2039 et
487 2019 638 2048 pompose
659 2010 739 2047 apud
755 2010 911 2040 Sidonium
927 2010 1144 2047 Apollinarem,
1158 2009 1305 2046 aliosque.

240 2058 284 2090 (6)
306 2058 463 2098 Princeps
478 2057 588 2087 bonus.
607 2057 824 2086 Constantinus
840 2058 1026 2086 memoratur
1042 2057 1142 2094 prima
1156 2056 1307 2086 basilicae

179 2097 343 2127 Paulianae
366 2097 563 2127 fundamenta
585 2099 700 2129 iecisse.
718 2098 754 2128 V.
772 2098 978 2134 cisunmvn,
1002 2098 1050 2127 De
1070 2097 1182 2128 Sacris
1208 2097 1305 2128 Aedi-
