1502 2537
342 157 451 193 ΠΕΡΙ
479 158 739 193 ΣῚῈΦΑΝΩΧ
771 165 920 192 umnvs
950 165 988 192 lv
1180 154 1254 191 123

285 277 356 316 Vix
384 289 517 326 parens
545 278 642 316 orbis
670 278 845 326 populosa
877 278 1003 323 Poeni,
1029 277 1095 326 (1)

234 330 324 377 Ipsa
350 331 412 368 vix
441 332 557 369 Roma
585 332 624 369 in
653 332 745 369 solio
773 331 907 375 locata,

235 383 299 429 Te,
330 383 439 422 decus
469 387 648 430 nostrum,
679 396 848 432 superare
876 384 915 422 in
946 383 1015 421 isto

553 438 702 475 Munere
731 437 846 484 digna
872 439 941 474 est.

289 489 469 527 Omnibus
498 490 613 537 portis
641 502 743 528 sacer
769 490 979 527 immolatus
1202 492 1251 524 (ῐῆ

235 542 396 590 Sanguis
423 543 578 580 exclusit
604 554 721 591 genus
749 543 953 580 invidorum

238 596 478 642 Daemonum,
508 598 545 633 et
571 596 699 643 nigras
727 595 866 643 pepulit
892 596 1061 632 tenebras

555 649 651 686 Urbe
679 648 792 696 piata.

288 701 426 739 Nullus
453 702 662 739 umbrarum
690 702 781 738 latet
808 701 908 739 intus
936 701 1060 739 horror

238 754 350 792 Pulsa
378 765 464 792 nam
493 755 605 802 pestis
633 755 805 802 populum
833 754 995 802 refugii;
1206 755 1254 792 70

236 807 404 845 Christus
431 808 470 845 in
498 808 585 845 totis
614 808 758 846 habitat
785 807 932 854 plateis,

554 860 721 898 Christus
747 860 879 908 ubique
907 862 976 897 est.

289 913 493 962 Martyrum
521 913 647 951 credas
674 912 833 960 patriam
860 913 1003 950 coronis

237 966 405 1004 Debitam
432 966 571 1004 saeris:
603 966 735 1004 chorus
762 965 858 1003 unde
886 977 1043 1013 surgens

235 1019 369 1057 Tendit
395 1019 435 1057 in
462 1019 604 1058 caelum
631 1019 759 1057 niveus
786 1020 934 1066 togatae
1210 1020 1252 1055 ιδ

553 1071 782 1110 Nobilitatis.

287 1124 395 1172 Inde,
425 1125 624 1171 Vmcmffl,
654 1127 719 1162 tua
746 1124 870 1172 palma
897 1126 984 1162 nata
1015 1126 1092 1170 est3

237 1177 363 1216 Clerus
390 1179 450 1216 hic
477 1180 624 1216 tantum
651 1177 791 1226 peperit
816 1177 1065 1225 triumphum:

236 1230 310 1269 Hic
337 1231 568 1270 sacerdotum
595 1231 725 1269 domus
753 1229 914 1269 infulata
943 1232 1003 1280 (2)

553 1284 796 1323 Valeriorum.
1205 1285 1255 1321 80

288 1337 425 1376 Saevus
451 1337 614 1386 antiquis
642 1337 783 1385 quoties
810 1336 978 1384 procellis

234 1389 354 1428 Turbo
381 1392 552 1428 vexatum
579 1389 780 1428 tremefecit
806 1390 943 1435 orbem,

235 1442 390 1481 Tristior
415 1443 594 1491 templum
619 1443 740 1481 rabies
767 1442 806 1480 in
835 1443 936 1480 istud

553 1496 689 1534 Intulit
715 1496 803 1533 iras.

288 1549 366 1586 Nec
393 1548 494 1587 furor
521 1549 716 1597 quisquam
743 1548 822 1586 sine
846 1548 954 1586 laude
983 1550 1147 1586 nostrum
1205 1549 1253 1585 85

236 1601 368 1648 Cessit,
399 1604 464 1639 aut
490 1601 580 1640 clari
608 1613 745 1640 vacuus
774 1601 933 1639 cruoris:

235 1655 440 1703 Martyrum
468 1666 608 1702 semper
635 1666 809 1693 numerus
837 1655 905 1692 sub
932 1655 1032 1692 omni

557 1708 745 1746 Grandine
773 1707 900 1745 crevit.
938 1707 998 1756 (3)

192 1835 236 1874 (1)
253 1845 379 1875 parens
399 1836 484 1866 orbis
506 1837 615 1866 Poeni.
641 1836 806 1874 Carthago,
829 1838 922 1874 caput
944 1837 1068 1867 Africae

193 1877 239 1915 (2)
262 1877 377 1907 domus
408 1878 566 1914 infulata.
601 1878 664 1916 Quo
686 1880 821 1916 tempore
854 1878 941 1907 hosce
974 1887 1078 1908 versus
1108 1885 1254 1914 pangeret

128 1918 312 1948 Prudentius
326 1919 586 1953 Caesaraugustae
602 1920 738 1957 pontifex
754 1921 821 1949 erat
837 1919 987 1956 Valerius,
998 1928 1050 1948 seu
1064 1918 1253 1955 Valerianus,

128 1960 177 1989 cui
201 1959 330 1996 hymnus
351 1959 396 1990 XI
420 1960 609 1990 insvribitur.

192 2000 237 2038 (3)
259 2010 455 2030 ’numer-us...
488 2002 596 2031 crevit.
624 2001 658 2030 In
684 2001 783 2038 Epist.
813 2001 844 2031 S.
861 2002 979 2031 Ivs‘rlm
1006 2001 1044 2031 ad
1074 2001 1253 2037 Diognetum

129 2041 204 2072 haec
224 2042 369 2078 legimus:
393 2053 411 2070 «
435 2042 511 2071 Dum
541 2042 712 2072 Christiani
734 2042 894 2080 suppliciis
916 2043 1104 2080 afficiuntur,
1119 2043 1255 2079 quotidie

129 2091 271 2113 numerus
291 2092 396 2114 eorum
415 2084 539 2114 crescit.
564 2094 582 2111 20
