1450 2537
178 134 226 173 72

558 144 708 173 AVRELH
735 145 932 173 PRVDENTII

386 259 489 296 Inter
517 259 615 296 coevi
643 258 838 307 sanguinis
868 258 925 307 (1)

334 312 490 350 Fluenta
518 312 616 349 solus
645 312 809 359 integer,

334 366 496 411 Ferrum,
527 365 622 412 quod
651 365 802 402 orbabat
830 376 958 409 nurus,

335 419 467 456 Partus
495 417 625 456 fefellit
654 418 834 465 Virginis.

386 483 443 520 Sic
472 482 587 520 stulta
616 482 820 525 Pharaonis
849 481 937 519 mali

332 536 463 573 Edicta
491 536 674 583 quondam
702 535 863 583 fugerat,

333 588 469 626 Christi
497 589 655 636 figuram
682 588 902 636 praeferens,

331 642 464 688 Moses,
494 644 655 689 receptor
683 642 817 679 civium
848 643 921 689 (2).

385 707 540 744 Cautum
569 709 604 743 et
632 708 811 744 statutum
840 707 896 743 ius
926 708 1019 752 erat,

331 760 407 805 Quo
434 770 509 797 non
536 759 660 797 liceret
687 760 879 805 matribus,

330 814 448 858 Quum
475 813 616 860 pondus
645 812 719 850 alvi
747 813 990 859 absolverent,

331 865 475 904 Puerile
503 865 639 913 pignus
667 866 792 903 tollere
823 867 895 913 (3).

383 931 488 968 Mens
517 930 721 968 obstetricis
750 931 912 976 sedulae,

332 984 395 1021 Pie
424 984 462 1021 in
490 985 689 1032 tyrannum
717 986 927 1030 contumax,

330 1037 391 1074 Ad
419 1048 519 1084 spem
547 1037 706 1084 potentis
734 1037 874 1084 gloriae

331 1091 468 1128 Furata
496 1091 617 1127 servat
643 1090 859 1138 parvulum3

384 1156 497 1200 Quem
525 1165 607 1192 mox
636 1155 856 1193 sacerdotem
886 1155 956 1192 sibi

331 1207 549 1254 Adsumpsit
578 1208 674 1246 orbis
703 1208 881 1254 conditor,

330 1262 399 1298 Per
427 1273 533 1308 quem
562 1262 728 1298 notatam
757 1262 875 1299 saxeis

330 1315 465 1362 Legem
492 1314 639 1352 tabellis
666 1314 837 1352 traderet.

383 1379 532 1417 Licetne
561 1378 747 1417 Christum
775 1391 922 1417 noscere

328 1432 440 1470 Tanti
466 1443 529 1479 per
557 1432 760 1480 exemplum
788 1432 886 1470 viri?

329 1485 413 1523 Dux
440 1485 516 1532 ille,
548 1496 652 1523 caeso
680 1485 880 1534 Aegyptio,

330 1538 502 1577 Absolvit
528 1538 646 1577 Israel
673 1538 776 1587 iugo.

1170 435 1180 449 ι
1227 417 1302 456 140

1227 706 1302 744 145

1226 982 1302 1022 150

1226 1536 1303 1576 160

234 1679 278 1718 (1)
303 1678 392 1710 00δυὶ
413 1680 600 1718 sanyuinis.
625 1679 790 1715 Sanguinis
812 1688 973 1717 puerorum
1007 1679 1142 1709 eiusdem
1175 1678 1302 1708 aetatis.

171 1727 287 1756 Coenus
309 1735 367 1757 vox
382 1727 511 1756 habetur
527 1727 566 1756 ad
587 1730 791 1757 senescentem
805 1727 997 1757 latinitatem
1013 1727 1182 1764 pertinens,
1205 1733 1303 1761 neque

170 1774 360 1811 usurpanda;
385 1782 570 1810 quamquam
592 1774 684 1803 semel
706 1774 841 1804 occurrit
873 1774 904 1803 in
933 1775 1061 1803 Mvnml
1082 1773 1178 1803 variis
1198 1772 1302 1803 lectio-

170 1822 259 1850 nibus
285 1821 333 1858 (V.
357 1821 442 1851 Lect.
465 1821 507 1857 II,
533 1822 597 1860 14).

235 1874 278 1912 (2)
303 1877 459 1912 receptor:
485 1873 613 1918 σωτήρ,
636 1874 814 1911 sospitator,
837 1874 961 1909 vindex,
986 1874 1136 1904 adsertor.

236 1927 279 1965 (3)
294 1928 413 1963 tollere,
426 1927 493 1958 scil.
507 1927 543 1957 de
556 1929 639 1957 terra
671 1927 733 1957 Cfr,
747 1928 887 1957 Minerv.
901 1927 1030 1957 Smern
1043 1927 1095 1962 IV,
1109 1927 1127 1964 ξ
1140 1927 1169 1956 5.
1182 1925 1300 1956 Transi.

170 1974 316 2010 educare,
339 1976 480 2004 nutrire.
504 1975 635 2004 Puerum
658 1983 762 2004 recens
777 1977 885 2003 natum
909 1977 996 2012 pater
1018 1983 1034 2004 e
1055 1975 1140 2004 terra
1161 1973 1301 2010 tollebat,

172 2023 336 2058 matrique,
360 2024 414 2052 aut
439 2022 611 2052 nutriculae
633 2022 775 2052 alendum
797 2022 903 2051 dabat.
927 2022 1015 2052 Unde
1037 2021 1113 2050 illud
1134 2021 1301 2052 Italorum:

171 2069 323 2099 allevare.
