1450 2537
184 149 231 185 44

1259 0 1282 13 V
1298 0 1450 44 augm-

564 158 713 184 AVRELII
742 157 937 184 PRVDENTII

288 273 423 318 Greges
451 273 487 308 et
515 270 611 317 ipsos
639 269 776 307 claudit
804 268 1059 305 armentalium

235 324 365 361 Sollers
394 325 549 361 virorum
579 335 679 368 cura⁷
711 334 755 359 ne
785 333 918 369 vagum
947 333 1055 368 pecus

235 377 432 424 Contingat
460 388 517 413 ore
546 376 729 413 rorulenta
756 374 938 421 gramina,

236 430 365 466 Potum
393 429 585 476 strepentis
614 440 701 465 neve
730 427 842 465 fontis
871 426 1038 463 hauriat:

236 483 369 519 Vacuis
397 482 559 528 querelae
589 483 785 527 personant
812 480 1057 527 praesepibus.
1240 478 1314 516 170

288 552 451 589 Mollitus
479 552 537 588 his
565 553 601 588 et
628 551 764 588 talibus
793 550 936 587 brevem
967 550 1064 587 Deus

236 606 333 642 Iram
363 604 534 650 refrenat,
564 606 770 651 temperans
798 603 983 640 oraculum

236 659 388 704 Prosper
415 657 626 701 sinistrum3
658 667 772 703 prena
800 667 885 692 nam
914 655 1104 692 clementia

236 711 345 747 Haud
374 710 564 748 difficulter
593 709 791 756 supplicem
821 709 1027 746 mortalium

234 764 348 801 Solvit
375 765 528 809 reatum,
561 763 672 810 fitque
701 762 836 799 fautrix
864 762 1042 799 flentium.
1241 760 1315 799 175

288 834 355 871 Sed
383 845 446 871 cur
474 835 636 871 vetustae
665 833 787 880 gentis
815 832 1015 879 exemplum
1043 832 1195 879 loquor?

237 887 379 924 Pridem
407 886 554 924 caducis
582 898 692 933 quum
721 888 894 933 gravatus
923 886 1075 922 artubus

236 941 353 985 Iesus,
385 939 503 976 dicato
531 940 649 984 corde,
681 939 910 988 ieiunaverit,

238 994 561 1039 Praenuncupatus
590 1003 648 1029 ere
678 992 739 1039 qui
767 991 974 1038 prophetico

236 1044 451 1082 Emmanuel
480 1047 548 1091 est⁷
580 1045 655 1082 sive
683 1045 880 1082 nobiscum
908 1044 1030 1080 Dens.
1242 1043 1317 1080 180

289 1115 356 1161 Qui
385 1127 514 1162 corpus
542 1115 639 1152 istud
668 1115 773 1152 molle
802 1114 1032 1159 naturaliter,

237 1170 460 1215 Captumque
489 1168 571 1205 laxo
599 1168 666 1205 sub
694 1168 922 1214 voluptatum
951 1168 1051 1213 iuge,

238 1221 393 1259 Virtutis
422 1222 523 1258 arcta
550 1221 628 1268 lege
658 1220 743 1258 fecit
770 1221 937 1266 liberum,

238 1274 494 1321 Emancipator
523 1274 712 1311 servientis
739 1274 945 1320 plasmatis,

239 1327 442 1374 Reguantis
470 1328 555 1364 ante
584 1327 696 1364 victer
724 1329 760 1364 et
787 1326 982 1373 cupidinis.
1245 1325 1318 1362 185

291 1397 512 1443 Inhospitali
540 1408 695 1445 namque
724 1399 882 1434 secretus
910 1396 987 1434 loco

238 1450 367 1496 Quinis
395 1450 522 1487 diebus
551 1450 661 1487 octies
689 1450 910 1495 labentibus,

238 1503 390 1540 Nullam
419 1503 579 1540 ciborum
606 1503 807 1540 vindicavit
835 1502 1007 1549 gratiam,

242 1557 406 1593 Firmans
435 1556 572 1593 salubri
601 1555 738 1593 scilicet
766 1555 899 1593 ieiunio

243 1610 315 1647 Vas
343 1608 556 1655 adpetendis
585 1608 805 1646 imbecillum
833 1608 979 1655 gaudiis
1009 1608 1081 1656 (1).
1214 1649 1216 1653 y
1246 1606 1320 1644 190

292 1679 449 1715 Miratus
477 1678 593 1716 hostis
621 1689 724 1725 posse
753 1678 881 1715 limum
908 1678 1072 1715 tabidum

239 1733 398 1768 Tantum
425 1731 560 1768 laboris
590 1731 767 1768 sustinere
796 1743 838 1768 ac
866 1731 1003 1779 perpeti

240 1784 413 1831 Explorat
441 1786 516 1821 arte¹
546 1784 748 1821 sciscitator
776 1784 924 1830 callida,

242 1839 385 1874 Dmsne
415 1837 584 1874 membris
614 1837 662 1874 sit
689 1838 853 1884 receptus
880 1837 1006 1874 terreis

241 1891 323 1935 Sed,
356 1890 542 1937 increpata
571 1889 710 1936 fraude,
741 1891 823 1937 post
850 1891 992 1939 tergum
1021 1890 1106 1927 ruit.
1247 1889 1320 1927 195

251 2035 294 2072 (1)
319 2046 385 2065 vas.
426 2037 487 2065 Vas
518 2035 626 2065 transl.
661 2044 713 2072 pro
735 2044 769 2065 eo
793 2035 872 2072 quod
901 2036 949 2065 est
977 2043 1097 2072 corpus,
1121 2035 1216 2064 animi
1242 2043 1320 2064 rece-

190 2077 345 2116 ptaculum
368 2081 400 2106 et
425 2077 575 2106 custodia.
602 2078 638 2106 V.
663 2077 813 2106 Aue-aaa.
838 2077 978 2114 Ivferor.
996 2077 1036 2113 II,
1054 2077 1109 2113 283
1126 2078 1158 2106 et
1172 2076 1255 2112 xxxI,
1269 2076 1317 2106 82.
