1502 2537
456 145 739 173 cnnsnunmou
768 146 919 173 nnuws
947 147 970 174 v
1227 140 1275 175 20

256 253 333 290 Nec
362 264 435 290 nou
463 253 646 290 imbrifero
673 253 804 290 ventus
832 253 998 291 anhelitu

204 306 336 344 Crassa
366 307 460 343 nube
487 306 584 344 leves
612 306 752 343 invehit
780 306 886 344 alites
917 307 991 353 (1),

198 360 298 405 Quae
327 358 465 396 difflata
494 359 531 396 in
560 359 708 396 humum
737 371 847 406 quum
877 360 986 396 semel
1016 361 1167 404 agmina,

202 412 415 456 Fluxerunt,
445 412 567 449 reduci
596 424 669 449 non
697 412 862 449 revolant
889 412 993 459 fuga.

247 465 355 502 Haec
383 465 469 503 oliiu
495 465 661 512 patribus
689 465 849 512 praemia
876 465 1032 503 contulit
1202 467 1273 503 105>

200 518 368 566 Insignis
395 518 512 565 pietas
540 518 714 555 Numinis
742 517 856 564 unici,

201 570 313 609 Cuius
341 571 502 608 subsidio
530 582 596 608 nos
623 582 763 618 quoque
791 570 984 617 vescimur,

200 623 398 662 Pascentes
426 624 580 671 dapibus
607 626 753 671 pectora
780 623 960 672 mysticis.

252 677 382 714 Fessos
409 676 470 714 ille
498 679 604 714 vocat
630 688 693 723 per
720 676 814 714 freta
842 676 993 723 saeculi,

199 729 374 768 Discissis
399 729 572 777 populum
599 729 806 767 turbinibus
833 741 987 777 regens;
1198 730 1273 770 110

199 783 434 830 Iactatasque
462 782 605 820 animas
633 782 731 820 mille
759 782 944 820 laboribus

198 836 383 874 Iustorum
410 835 450 873 in
477 836 634 883 pat-riam
662 835 834 873 scandere
861 835 1051 883 praecipit.

250 888 335 926 Illic
361 888 551 936 purpureis
577 890 674 926 tecta
701 888 850 926 rosariis

10 967 13 969 Α
199 941 328 980 Omnis
355 941 489 990 flagrat
516 942 663 987 humus,
694 941 888 989 calthaque
915 941 1071 990 pinguia
1101 942 1177 991 (2),

0 977 19 1029 l
197 994 247 1032 Et
273 994 399 1032 molles
426 994 557 1041 violas,
587 996 624 1032 et
649 996 778 1032 tenues
805 1005 928 1032 crocos
1197 995 1270 1033 115

197 1047 335 1085 Fundit
361 1046 549 1085 fonticulis
575 1047 676 1085 unda
702 1047 911 1095 fugacibus.

249 1100 333 1139 Illic
361 1101 397 1138 et
424 1100 554 1148 gracili
581 1100 747 1138 balsama
774 1099 919 1138 surculo

197 1154 383 1192 Desudata
410 1154 543 1200 fluunt,
573 1165 727 1202 raraque
755 1153 927 1191 cinnama

195 1207 357 1254 Spiraut,
388 1208 425 1244 et
452 1206 579 1244 folium
609 1206 684 1255 (3),
715 1206 814 1244 fonte
843 1207 939 1254 quod
967 1207 1093 1245 abdito

197 1260 454 1298 Praelambens
482 1259 616 1297 fluvius
643 1261 767 1307 portat
792 1259 832 1297 in
860 1260 1009 1297 exitum.
1195 1260 1269 1299 120

248 1313 386 1351 Felices
413 1312 557 1350 animae
583 1314 691 1360 prata
717 1324 781 1360 per
808 1313 959 1351 herbida

197 1367 382 1405 Concentu
408 1365 517 1413 parili
544 1377 655 1403 suave
683 1365 900 1404 sonantibus

195 1420 424 1467 Hymnorum
450 1418 607 1456 modulis
634 1419 737 1457 dulce
764 1420 905 1457 canunt
932 1419 1058 1464 melos,

195 1473 349 1511 Calcant
375 1473 412 1509 et
439 1471 591 1519 pedibus
618 1467 700 1509 lilia'
725 1472 906 1510 candidis.

247 1526 340 1563 Sunt
365 1526 403 1562 et
429 1524 618 1572 spiritibus
646 1536 752 1572 saepe
781 1525 994 1562 nocentibus
1194 1525 1211 1563 1

196 1579 400 1617 Poenarum
427 1577 582 1616 celebres
610 1578 678 1616 sub
706 1579 810 1626 styge
839 1577 948 1616 feriae
979 1577 1037 1626 (4)

1219 1527 1240 1563 Ιῖῧ

1246 1527 1267 1563 ι’(

205 1706 250 1746 (1)
273 1707 379 1738 alites.
402 1706 590 1738 coturnices.

205 1749 250 1787 (2)
273 1749 453 1786 calthaque.
479 1748 649 1783 Calthum,
674 1748 698 1782 i,
721 1747 861 1777 neutrius
883 1747 1003 1783 generis
1026 1747 1267 1777 Prudentiauum

139 1798 204 1820 esse
225 1790 348 1819 omnino
363 1789 500 1823 videtur:
517 1798 588 1818 nam
606 1790 635 1818 in
648 1789 758 1818 ceteris
773 1788 865 1819 latin.
881 1789 1081 1826 scriptoribus
1095 1789 1217 1823 caltha,
1232 1798 1269 1817 ae

141 1832 163 1860 f.
177 1840 280 1868 gener.
291 1839 410 1869 semper
419 1831 565 1860 occurrit.
580 1831 697 1860 Caltha
710 1831 812 1860 autem
823 1831 873 1860 est
882 1830 969 1859 nobis
980 1829 1070 1860 Italis
1079 1831 1266 1867 fiorrancio.

204 1872 249 1910 (3)
272 1872 402 1910 folium.
426 1871 498 1902 Scil.
523 1872 676 1901 foliatum.

203 1913 248 1951 (4)
271 1914 384 1950 feriae.
408 1913 530 1943 Poetice
545 1913 678 1947 omnino,
695 1920 754 1941 non
770 1920 839 1942 vere
854 1911 929 1941 haee
945 1911 1030 1940 dicta
1046 1911 1137 1948 putat
1151 1911 1267 1942 GisELi-

142 1962 211 1984 nvs.
228 1954 417 1993 Quamquam
433 1954 465 1984 S.
483 1954 648 1990 Augustini
667 1954 772 1983 aetate
785 1961 844 1982 non
860 1953 1032 1987 defuerunt,
1047 1953 1097 1988 qui
1116 1953 1147 1981 in
1164 1953 1266 1982 istius·-

140 1996 222 2025 modi
238 1998 340 2026 essent
361 1995 491 2031 haeresi,
514 1999 549 2025 ut
569 1994 786 2024 existimarent
807 1994 912 2032 impiis
934 1994 1013 2032 apud
1030 1994 1140 2024 inferos
1155 1995 1266 2023 eonsti-

141 2038 211 2066 tuta
219 2036 559 2074 suppliciaqnandoque
576 2036 670 2067 Deum
686 2036 856 2066 remittere.
873 2033 910 2066 V.
925 2035 958 2067 S.
974 2035 1054 2065 Ave.
1071 2035 1172 2067 Ench.
1190 2043 1267 2066 xxxx

138 2077 218 2110 edit.
237 2077 372 2110 Maurin.
