1502 2537
337 149 446 186 ΠΕΡΙ
474 149 731 186 ΣΊῈΦΑΝΩΝ
762 158 914 186 nnmvs
937 158 973 186 xi
1162 149 1238 184 220

121 273 224 311 Picta
238 283 345 320 snper
360 271 539 310 tumulum
554 271 691 319 species
703 271 852 319 liquidis
867 271 967 319 viget
982 271 1117 309 umbris
1135 271 1168 319 (l
1184 273 1211 311 l,

174 325 352 372 Efflgians
379 325 488 362 tracti
516 325 674 362 membra
702 327 852 362 cruenta
879 325 962 362 viri.
1169 326 1240 361 120

122 379 299 416 Rerantes
327 389 495 416 saxorum
524 378 645 425 apices
673 377 762 423 vidi,
793 377 925 424 optime
959 389 1051 424 papa
1084 378 1158 424 (2).

178 433 453 478 Purpureusque
482 433 588 470 notas
616 431 784 478 vepribus
813 430 1014 477 impositas.

123 485 237 522 Docta
265 495 395 521 manus
424 484 557 521 virides
584 484 762 521 imitando
790 483 958 529 effingere
988 484 1128 526 «liunus,

175 539 329 576 Luserat
357 537 416 586 (3)
437 549 455 574 e
484 537 596 575 minio
623 536 822 575 russeolam
850 536 1002 573 sanic-111.
1170 536 1243 572 1:20

122 591 274 630 Cernere
301 592 393 636 erat,
423 590 540 638 ruptis
568 590 804 637 compagibus
833 590 956 627 ordine
986 589 1086 626 nullo

176 643 338 681 Membra
365 654 428 690 per
454 643 610 681 incertos
637 654 766 690 sparsa
794 642 908 680 iacere
935 642 1058 680 situs.'

123 696 326 735 Addiderat
352 707 470 742 caros,
500 708 629 743 gressu
656 695 886 743 lacrimisque
914 696 1119 742 sequentes,

178 748 293 787 Devia
320 761 393 797 qua
420 749 575 786 fractum
604 749 734 786 semita
760 750 942 786 monstrat
970 749 1050 787 iter.

125 803 284 841 Moerore
312 802 474 848 attoniti,
505 804 614 849 atque
642 801 756 839 oculis
783 801 1002 839 rimantibus
1031 801 1147 845 ihnnt3
1172 801 1246 837 1:⁷35

179 849 455 903 Implebanssque
483 854 587 892 sinus
614 854 811 892 visceribus
837 855 980 892 laceris.

124 908 196 947 Ille
224 910 334 956 caput
362 908 507 946 niveum
534 907 798 955 complectitur,
828 919 871 945 ac
898 907 1129 944 reverendam

180 961 360 1000 Canitiem
389 961 488 998 molli
516 961 684 998 confovet
710 960 749 997 in
777 960 941 1008 gremi03

127 1015 199 1053 Hic
225 1015 393 1052 humeros
419 1017 638 1061 truncasque
657 1024 803 1059 manus,
824 1016 860 1051 et
878 1013 1027 1051 brachia
1046 1014 1081 1050 et
1099 1012 1221 1057 ulnas,

180 1068 229 1106 Et
254 1078 389 1116 genua,
419 1068 457 1104 et
482 1078 626 1104 crurum
654 1066 840 1115 fragmina
868 1067 967 1103 nuda
995 1066 1098 1113 legit.
1177 1066 1250 1102 140

127 1120 294 1159 Palliolis
322 1120 381 1169 (4)
408 1119 518 1157 etiam
546 1119 680 1157 libulae
707 1120 892 1158 siccantur
918 1130 1063 1165 arenae,

182 1174 238 1212 Ne
265 1173 348 1221 quis
376 1173 415 1210 in
442 1172 577 1211 infecto
604 1173 750 1220 pulvere
778 1183 837 1210 ros
862 1175 1022 1209 manc-at.

127 1227 166 1266 Si
183 1226 266 1275 quis
292 1227 330 1264 et
355 1226 395 1264 in
422 1226 574 1264 sudibus
594 1225 654 1276 (5)
674 1225 847 1264 recalenti
866 1225 1082 1273 adspergine
1098 1225 1251 1272 sanguis

180 1279 338 1326 Insidet,
367 1279 466 1318 hunc
493 1290 635 1318 omnem
662 1279 819 1327 spongia
845 1290 971 1326 pressa
997 1278 1106 1325 rapit.

171 1373 217 1412 (1)
230 1373 366 1412 liquidis
379 1373 513 1404 umbris.
528 1373 573 1402 Ea
585 1373 704 1402 ratione
714 1373 834 1402 umbras
847 1372 947 1409 pictor
959 1372 990 1401 in
1004 1372 1120 1409 pariete
1136 1371 1250 1407 disper-

130 1415 273 1454 titusest,
284 1415 418 1451 utdigna
425 1415 556 1452 conspici
564 1414 681 1451 liquido
691 1414 858 1444 eminerent
866 1414 935 1443 etin
944 1413 1043 1442 ocules
1052 1414 1250 1442 incurrerent.

173 1457 218 1494 (2)
240 1457 357 1494 optime
382 1465 485 1494 papa.
510 1456 572 1494 Quo
604 1464 693 1485 sensu
725 1455 798 1484 haec
828 1463 885 1484 vox
918 1454 1012 1483 fuerit
1046 1458 1191 1490 usurpata
1216 1453 1250 1484 V.

132 1498 222 1528 vmc.
244 1497 464 1527 Lus-ameum
486 1497 564 1526 Lex.
587 1498 674 1527 Poet.
710 1497 824 1526 Totius
851 1496 1000 1533 Linquae
1028 1496 1179 1525 Latinae.
1215 1503 1251 1523 ex

132 1539 215 1570 offic.
240 1538 338 1575 Regia
359 1539 514 1574 Augustae
535 1538 694 1568 Taurinor.
713 1545 763 1568 an.
787 1544 963 1567 Μῶα-ωας.

174 1580 219 1618 (3)
242 1579 366 1610 luserat
386 1590 401 1609 e
421 1580 535 1610 minio.
569 1578 701 1609 Callidus
734 1578 847 1607 artifex
862 1601 869 1613 ,
900 1577 994 1607 veluti
1017 1577 1133 1611 ludens,
1158 1577 1253 1605 minio

133 1629 217 1656 usus,
239 1621 384 1658 graphice
409 1622 569 1651 effinxerat
596 1629 701 1658 vepres
733 1620 896 1655 dumosque
924 1619 1071 1655 sanguine
1105 1619 1250 1654 inspersa.

133 1662 250 1694 Ludere
271 1663 381 1700 quippe
402 1663 441 1692 ad
462 1661 649 1692 amoeniores
670 1662 752 1691 artes
774 1660 971 1695 transfertur,
996 1668 1085 1695 qnae,
1109 1660 1196 1688 nobis
1220 1659 1252 1687 il-

133 1703 271 1734 ludentes
291 1703 514 1734 oblectamento
534 1704 622 1738 sunt;
647 1704 682 1732 ut
702 1711 729 1733 e.
745 1710 792 1738 gr.
809 1702 943 1738 pictura,
959 1701 1128 1738 scalptura,
1145 1701 1254 1738 poesis,

134 1745 278 1781 musices.
298 1745 359 1776 etc.
383 1745 420 1776 V.
444 1752 522 1781 quae
544 1743 582 1774 ad
600 1753 630 1775 v.
657 1744 715 1773 105
737 1743 841 1780 hymni
857 1742 927 1772 XIV
943 1740 1025 1786 Περὶ
1051 1740 1147 1786 Στεφ.
1163 1750 1253 1770 annu-

135 1793 288 1828 tavimus;
317 1794 350 1823 et
370 1800 492 1822 carmen
514 1791 574 1822 ΧΠ
594 1789 678 1836 Περὶ
703 1789 800 1836 Στεφ.
814 1791 845 1819 in
867 1789 1007 1819 honorem
1031 1790 1150 1819 Beator.
1175 1788 1253 1826 App.

136 1839 222 1871 Petri
241 1840 275 1870 et
294 1839 397 1876 Pauli,
418 1849 448 1871 v.
472 1839 523 1870 48.

178 1881 223 1919 (4)
244 1881 409 1912 Palliolis.
425 1880 562 1911 Palliolis
576 1881 608 1909 et
633 1879 768 1917 spongiis
792 1880 961 1915 martyrum
976 1877 1153 1913 sanguinem
1171 1875 1256 1906 Chri-

136 1922 232 1953 stiani
253 1922 418 1952 ebibebant
437 1921 589 1958 religiose,
612 1929 689 1957 quae
712 1921 742 1949 in
758 1919 902 1957 sepulcris
917 1922 949 1948 et
965 1917 1094 1947 vasculis
1109 1917 1257 1956 repperiri

138 1965 244 1994 auctor
263 1965 312 1994 est
332 1964 513 1993 Bonnsrrvs
526 1984 534 1997 ,
559 1963 723 1992 Ossewaz.
755 1961 858 1999 Sapra
880 1961 893 1989 i
916 1960 1062 1990 cimicem·
1074 1980 1084 1995 ,
1108 1959 1142 1989 L.
1162 1959 1176 1988 Ι
1190 1981 1197 1994 ,
1220 1957 1255 1989 C.

137 2004 243 2036 XXXI
263 2007 295 2035 et
315 2013 400 2041 seqq.
423 2013 495 2043 pag.
520 2004 590 2034 149.

200 2046 245 2084 (5)
266 2047 303 2076 in
322 2046 471 2076 sudibus.
492 2044 612 2076 Transl.
627 2043 716 2073 sudes
730 2051 784 2082 pro
797 2043 861 2073 loco
874 2042 972 2080 spinis
985 2040 1132 2072 conferto.
1147 2040 1258 2070 Noster

138 2085 269 2121 'Auox‘h
295 2088 354 2118 143
375 2096 428 2125 pro
450 2087 546 2126 spinis
558 2086 632 2124 ipsis·
643 2085 817 2124 praeacutis
834 2092 936 2115 vocem
949 2085 1077 2121 usurpat
1096 2081 1257 2112 translate.
