1450 2537
193 177 267 214 244
574 187 722 213 AVRELH
750 185 946 213 PRvnsN‘rn

191 300 312 338 Miliia
339 299 564 348 terrigenum
594 297 653 347 (1)
683 297 922 346 spurcissima
949 297 1134 336 iusserant
1162 298 1314 337 sacrari.

193 354 328 391 Contra
356 352 497 389 animos
526 351 649 398 populi
677 351 800 388 doctor
829 351 1037 388 CYPmAst
1061 351 1260 397 incitabat3

192 407 249 444 Ne
277 406 359 452 quis
387 406 434 442 ab
462 405 629 451 egregiae
658 403 805 441 virtutis
833 404 966 441 honore
996 403 1230 451 discreparet,

192 460 275 496 Neu
303 458 387 495 fidei
416 458 571 505 pretium
599 457 680 504 quis
709 468 848 494 sumere
878 457 1033 504 degener
1060 456 1218 504 timeret,
1267 457 1318 495 40

193 513 282 549 Esse
310 511 425 548 levem
455 511 655 548 cruciatum
684 508 758 557 (2),
791 509 822 546 si
850 509 954 548 modo
983 508 1149 547 conferas
1176 509 1316 556 futura,

192 566 291 609 Quae
320 565 418 601 Deus
446 563 521 609 ipse
550 562 639 600 viris
668 562 867 602 intermina
896 562 1050 604 fbrtibus
1097 563 1314 610 spopondit:

192 618 310 654 Meroe
340 616 472 654 doloris
499 615 570 653 emi
598 626 698 662 spem
725 615 877 655 luminis
905 617 941 653 et
969 615 1063 654 diem
1104 627 1315 663 perennem,

194 671 309 708 Omne
326 669 464 707 malum
483 668 621 706 volucri
641 679 723 705 cum
740 669 900 715 tempore
919 668 1146 706 transvolare
1164 669 1314 707 cursim:

193 723 259 760 Nil
287 734 412 769 grave,
435 722 530 769 quod
548 721 674 770 peragi
693 721 780 758 finis
799 720 902 767 facit,
924 723 960 759 et
978 721 1098 769 quiete
1118 721 1244 759 donat.
1267 722 1316 760 45

193 777 235 813 Se
250 775 323 812 fere
340 774 560 822 principium
573 774 746 821 pulchrae
761 774 876 820 necis,
893 775 929 811 et
945 774 1072 812 ducem
1086 775 1225 812 cruoris
1241 774 1317 824 (3),

193 830 306 875 Seque
334 828 458 876 gladio
487 828 598 874 caput
626 827 854 872 submittere,
885 827 1104 876 sanguinem
1132 827 1278 866 dicare:

193 882 262 926 Qui
290 881 425 918 sociare
445 880 608 917 animam
637 880 780 918 Christo
800 880 901 925 velit,
923 882 965 918 ut
985 891 1103 920 comes
1131 881 1318 928 sequatur.

193 934 264 971 His
292 934 354 971 ubi
382 934 491 971 corda
519 933 637 970 virum
666 932 811 970 Christo
839 933 1018 971 calefacta
1045 934 1292 981 praeparavit,

194 987 348 1024 Ducitur
367 988 452 1023 ante
471 986 578 1032 alios,
601 985 820 1023 Proconsule
838 986 1059 1033 perfurente,
1080 986 1239 1024 vinctus.
1271 987 1322 1025 50

194 1041 314 1077 Antra
342 1040 460 1076 latent
487 1039 616 1088 Tyriae
646 1038 886 1086 Carthaginis
914 1039 1026 1077 altius
1053 1041 1213 1087 reposta,

195 1093 348 1130 Conscia
377 1094 572 1130 Tartareae
600 1091 788 1140 caliginis,
820 1092 990 1130 abdicata
1018 1092 1109 1130 soli:

196 1146 352 1183 Clausus
372 1146 409 1182 in
429 1145 486 1183 his
507 1145 685 1192 specubus
713 1146 864 1182 sanctus
893 1146 1116 1192 CYPRIANVS‚
1139 1146 1176 1183 et
1193 1146 1322 1185 catena

196 1199 322 1236 Nexus
350 1200 503 1246 utraque
523 1210 650 1244 manu,
673 1209 804 1235 nomen
827 1198 951 1236 Patris
971 1198 1118 1236 invocat
1137 1198 1319 1246 supremi:

195 1273 247 1278 —
263 1265 284 1288 «
303 1252 543 1298 Omnipotens
559 1251 703 1299 genitor
723 1250 860 1288 Christi
874 1251 988 1297 Deus,
1005 1252 1041 1288 et
1058 1252 1198 1290 creator
1212 1251 1322 1297 orbis,

195 1305 337 1342 Christe
378 1316 510 1352 parens
542 1304 716 1350 hominis,
759 1315 866 1351 quem
886 1304 1011 1352 diligis
1047 1305 1083 1342 et
1115 1306 1219 1342 vetas
1260 1316 1321 1352 pe-

424 1378 430 1384 “
1131 1355 1217 1408 [rire
1247 1358 1321 1406 (4),

194 1410 263 1447 Ille
291 1421 372 1457 ego,
404 1409 558 1458 vipereis
586 1421 692 1457 quem
720 1411 762 1447 tu
790 1410 908 1447 bonus
936 1410 1089 1448 oblitum
1117 1410 1285 1457 venenis,

196 1463 417 1501 Criminibus
445 1463 558 1501 variis
585 1463 757 1509 tinctum,
788 1463 981 1503 miseratus
1009 1463 1174 1510 abluisti,

196 1517 346 1564 Iamque
374 1518 460 1554 tuus
488 1516 566 1554 fieri
593 1516 764 1563 mandas,
795 1517 842 1554 fio
861 1517 1071 1555 CYPRIANVS
1098 1516 1191 1555 alter
1219 1516 1293 1565 (5);

260 1616 303 1653 (1)
326 1617 533 1654 cer-riqenmn.
561 1617 751 1654 Terrmena,
786 1626 833 1651 ae,
859 1617 1031 1654 appositum
1063 1617 1125 1646 diis
1155 1617 1321 1653 tributum,

196 1658 247 1693 qui
262 1659 291 1687 in
306 1659 396 1687 terris
408 1659 446 1687 ab
459 1658 632 1689 hominibus
644 1658 733 1693 facti,
751 1658 948 1687 terrestribus
960 1658 1184 1695 cupiditatibus
1198 1659 1322 1688 obn-xii

195 1701 277 1729 sunt.
304 1717 341 1720 —
363 1701 505 1735 sacrari,
527 1700 641 1728 divinis
664 1699 828 1728 honoribus
843 1701 875 1728 et
896 1700 1058 1729 sacrificiis
1085 1699 1202 1737 placari
1223 1699 1320 1730 soliti.

259 1740 309 1779 (2)
332 1742 409 1770 Esse
432 1741 526 1770 levem
548 1741 730 1770 cruciatum
753 1741 814 1773 etc,
839 1751 856 1768 «
880 1740 1032 1771 Existimo
1060 1741 1141 1770 enim
1163 1740 1242 1777 quod
1263 1749 1322 1770 non

195 1784 267 1810 sunt
288 1783 454 1818 condignae
476 1783 630 1819 passiones
652 1782 743 1811 huius
774 1782 921 1818 temporis
953 1782 992 1811 ad
1015 1781 1151 1811 suturam
1179 1781 1322 1818 gloriam,

197 1831 274 1858 quae
296 1823 480 1852 revelabitur
503 1824 534 1852 in
556 1823 652 1852 nobis.
678 1833 695 1850 »
718 1823 749 1853 S.
774 1823 896 1852 PAVLVS
918 1823 961 1852 ad
982 1824 1122 1854 Roman.
1145 1823 1203 1860 IX,
1227 1824 1278 1853 18.

260 1864 301 1899 (3)
324 1874 354 1893 se
372 1866 439 1901 fore
456 1865 664 1903 principium
687 1865 761 1900 etc„
783 1864 851 1893 scil.
876 1865 1030 1901 martyrii.

260 1904 306 1943 (4)
331 1908 425 1942 Quem
449 1906 564 1944 diliqis
584 1908 613 1935 et
633 1908 722 1935 vetas
742 1906 860 1944 perire.
885 1905 922 1935 V.
939 1906 996 1943 Ep.
1014 1906 1041 1936 11
1055 1905 1085 1936 S.
1102 1905 1189 1936 Petri
1209 1904 1317 1943 Apost.

197 1946 254 1982 ΙΙΙ,
277 1947 307 1976 9.

260 1988 305 2024 (5)
329 1987 369 2024 fio
394 1987 581 2025 Cyprianus
603 1987 699 2017 alter.
722 1987 809 2017 Alius
842 1996 877 2017 ac
910 1988 1036 2021 lueram,
1061 1987 1226 2024 antequam
1252 1996 1322 2018 mea

197 2028 328 2058 crimina
350 2028 494 2058 ablueres.
517 2029 656 2060 Licenter
671 2029 791 2064 moster,
808 2037 889 2059 more
904 2037 970 2064 suo,
985 2029 1115 2066 primam
1138 2029 1171 2058 in
1191 2029 1233 2066 fio
1255 2037 1320 2059 cot-

198 2069 335 2140 ιΙ-ἰρὲῒόἳιή
350 2070 482 2100 vidimus
496 2070 545 2105 VI,
561 2070 617 2105 83;
641 2070 681 2106 X,
696 2071 771 2108 8113
793 2072 826 2100 et
837 2070 1050 2100 annotabimus
1075 2070 1188 2102 Contra
1201 2070 1318 2110 Symm.
