1450 2537
189 134 264 173 136
568 144 718 172 Avnnm
744 143 942 171 annnn'rn

505 260 608 298 Haec
635 259 749 305 fatur,
780 260 816 297 et
844 259 1082 298 stridentibus

452 314 630 352 Laniatur
658 313 764 350 uncis
793 313 923 350 denuo.
961 312 1019 362 (1)

452 367 518 404 Cui
545 367 690 414 praetor
717 377 775 403 ore
804 365 954 403 subdolo
1236 366 1308 404 175

452 420 629 467 Anguina
657 419 768 456 verba
795 418 985 456 exsibilat:
1017 440 1068 447 —

506 486 529 508 «
557 472 594 509 Si
621 473 728 509 tanta
754 471 888 510 callum
917 471 1072 519 pectoris

453 526 657 562 Praedurat
684 525 899 570 obstinatio,

452 578 628 616 Pulvinar
658 579 715 627 (2)
737 580 778 615 ut
805 580 970 616 nostrum
998 590 1109 616 manu

452 631 684 669 Abomineris
711 633 876 678 tangere,
1236 631 1308 681 1780

504 685 639 721 Saltem
666 684 823 722 latentes
851 684 1024 732 paginas,
1050 685 1108 733 (3)

450 738 650 784 Librosque
679 739 820 784 opertos
849 739 989 784 detege,

450 792 526 836 Quo
555 792 655 828 secta
681 803 835 838 pravum
865 791 1052 829 seminans

450 844 566 881 Iustis
594 846 771 882 cremetur
798 844 962 891 ignibus.
996 857 1018 878 »
1047 865 1099 872 —

502 897 572 935 His
600 899 739 946 martyr
766 898 918 944 auditis,
949 898 1023 935 ait:
1059 920 1105 924 —
1232 897 1306 936 185

451 964 473 985 <<
501 951 614 996 Quem
640 952 696 997 tu,
727 950 902 998 maligne,
933 951 1098 999 mysticis

447 1003 635 1041 Minitaris
663 1004 787 1052 ignem
814 1004 970 1049 litteris,

448 1057 643 1104 Flagrabis
671 1057 748 1104 ipse
776 1057 844 1094 hoc
872 1057 1019 1095 iustius.

499 1111 712 1157 Romphaea
740 1122 825 1147 nam
855 1111 1068 1148 caelestium
1098 1110 1156 1159 (4)

448 1163 591 1201 Vindex
619 1163 689 1201 erit
715 1164 955 1209 voluminum,
1230 1163 1307 1200 190

445 1217 556 1254 Tanti
583 1217 714 1254 veneni
742 1217 973 1264 interpretem

446 1270 631 1318 Linguam
659 1281 832 1317 perurens
860 1270 1026 1309 fulmine.

180 1369 242 1398 ctio
264 1369 479 1407 prudentiana.
496 1369 606 1401 HEINS.
624 1369 703 1399 hane
721 1370 852 1399 retinuit
865 1370 950 1405 lect.;
976 1370 1084 1406 reliqui
1099 1379 1201 1399 omnes
1217 1371 1306 1400 insn-

178 1411 366 1449 perabilem,
390 1413 445 1440 aut
466 1411 749 1449 ineaepuynahilem
772 1412 934 1449 recipiunt.

244 1453 288 1490 (1)
312 1453 416 1481 uncis.
440 1452 610 1482 CELLARIVS
633 1461 724 1481 uncos
746 1462 814 1482 cum
841 1453 961 1489 ungulis
977 1452 1147 1488 confundi&
1174 1453 1227 1482 sed
1247 1452 1306 1482 ‹lis-

181 1492 283 1523 serunt
297 1495 362 1523 tum
381 1494 490 1530 forma,
503 1501 594 1529 quum
611 1495 729 1523 ratione
744 1494 882 1524 nocendi.
900 1495 936 1524 V.
952 1503 1043 1532 supra
1056 1494 1158 1532 hymn.
1172 1494 1199 1530 Ι,
1211 1503 1241 1524 v.
1255 1495 1305 1524 44.

244 1535 287 1573 (2)
306 1536 479 1575 pulvinar.
503 1535 602 1564 Erant
623 1536 655 1564 iu
683 1536 805 1573 templis
832 1536 1028 1573 pulvinaria,
1052 1544 1105 1565 seu
1137 1535 1243 1565 lectuli
1268 1544 1307 1565 ex

180 1576 283 1612 pluma
304 1578 360 1605 aut
381 1577 516 1606 tomento
539 1577 627 1612 sacti,
652 1577 704 1613 qui
726 1577 786 1606 diis
808 1579 1026 1613 sternerentur,
1043 1577 1162 1613 quoties
1184 1577 1308 1606 decreta

179 1619 260 1646 esset
279 1617 463 1655 supplicatio
487 1618 752 1657 (lectisternium);
777 1619 875 1654 iisque
889 1619 1054 1648 simulacra
1067 1618 1190 1648 deorum
1212 1619 1306 1656 impo-

180 1659 341 1694 nebantur,
365 1660 441 1688 cibis
463 1660 624 1696 appositiS.

242 1701 285 1738 (3)
308 1701 422 1729 saltem
445 1701 577 1730 latentes
592 1702 750 1739 payinas.
767 1701 802 1730 In
818 1701 1063 1732 Christianorum
1089 1701 1187 1731 atroci
1213 1710 1305 1739 oppu-

180 1742 337 1777 gnatione,
361 1750 422 1778 qua
443 1742 650 1772 Dioclesianus
666 1745 697 1772 et
712 1743 918 1772 Maximianus
933 1743 1129 1772 neronianam
1144 1743 1306 1772 saevitiem

179 1785 371 1819 superarunt,
394 1785 519 1812 cautum
534 1784 647 1818 fuerat,
665 1785 712 1813 uti
727 1784 821 1814 Sacra
837 1784 997 1814 Volumina
1012 1785 1235 1818 cremarentur;
1253 1784 1305 1820 qni

180 1833 248 1853 vero
270 1825 307 1853 ob
330 1826 444 1854 metum
465 1825 566 1855 edicto
588 1826 749 1856 Caesarum
771 1827 949 1863 paruerunt,
967 1825 1140 1855 traditores
1154 1826 1187 1855 in
1201 1825 1307 1855 Africa

180 1866 280 1894 vocati
303 1869 384 1895 sunt.

244 1907 288 1944 (4)
303 1908 465 1945 romphea,
479 1908 525 1936 vel
544 1908 752 1946 rhomphaea,
771 1907 850 1937 idem
867 1909 914 1937 est
931 1916 966 1937 ac
983 1907 1098 1937 framea
1115 1908 1256 1943 Tracum,
1269 1907 1306 1936 de

180 1955 240 1983 qua
253 1948 286 1978 V.
295 1948 370 1978 Avx„
379 1949 470 1979 GELL.
484 1949 524 1985 X,
538 1950 588 1979 25.
598 1950 674 1979 Sunt
686 1950 854 1986 quiputeut
865 1958 923 1978 non
935 1950 996 1979 iam
1008 1958 1072 1979 esse
1084 1949 1192 1978 hastae
1199 1958 1305 1985 genus,

179 1990 266 2018 cuius
280 1989 392 2018 serrum
408 1990 491 2026 liguo
507 1991 633 2027 aequale
648 1992 702 2026 sit,
719 1991 771 2020 sed
792 1991 927 2027 gladium
944 1991 1123 2028 ancipitem.
1147 1998 1236 2026 quem
1253 1999 1306 2018 nos

178 2030 346 2060 diceremus
369 2040 450 2061 more
475 2034 577 2061 nostro
600 2042 668 2062 una
690 2033 793 2070 spada
816 2042 835 2061 a
850 2032 912 2061 due
934 2033 1026 2070 tayli.
1051 2032 1088 2062 V.
1111 2032 1187 2061 Ism.
1205 2031 1306 2060 XVIII

180 2072 270 2110 Oriq.
295 2073 324 2103 6.
348 2072 486 2103 Traslate
509 2073 558 2104 hie
581 2076 694 2110 noster,
717 2083 770 2112 pro
793 2082 826 2104 eo
849 2073 928 2110 quod
951 2075 1011 2111 est,
1033 2073 1112 2104 Deus
1134 2073 1257 2104 vindex.
