1450 2537
183 163 258 200 232
563 170 713 198 AVRELH
740 169 937 197 PRVDEN'rn

182 285 316 324 Oscula,
343 284 530 331 perspicuo
557 283 679 330 figunt
705 282 882 330 impressa
908 282 1054 320 metallo
1083 282 1160 333 (1),

233 339 406 375 Balsama
433 336 649 382 defundunt,
678 336 823 373 fletibus
850 347 913 373 ora
939 335 1078 383 rigant.

183 393 262 428 Iam
290 402 401 438 quum
420 402 457 427 se
476 391 627 427 renovat
653 389 814 426 decursis
841 389 1026 427 mensibus
1052 402 1188 437 annus,
1233 390 1306 428 195

235 444 476 490 Natalemque
505 443 599 480 diem
628 442 748 489 passio
779 442 838 490 (2)
869 442 962 479 festa
989 442 1120 490 refert3

182 498 327 542 Quanta
355 499 463 543 putas
491 495 624 533 studiis
652 495 878 533 certantibus
907 496 1059 543 agmina
1085 496 1182 545 cogi,

235 551 376 595 Quaeve
404 548 618 586 celebrando
646 550 731 585 vota
758 551 851 585 coire
880 549 979 586 Deo?

184 604 278 640 Urbs
306 603 465 649 augusta
492 612 576 639 suos
604 601 718 638 vomit
747 600 806 650 (3)
836 601 1042 650 effundique
1070 602 1234 648 Quirites·

240 657 320 692 Una
348 657 383 692 et
411 654 583 702 patricios
611 654 808 691 ambitione
836 654 929 701 pari.
1234 656 1309 694 200

185 708 385 747 Confundit
411 707 552 754 plebeia
579 707 742 754 phalanx
770 707 988 745 umbonibus
1017 708 1143 757 aequis
1161 708 1220 758 (4)

237 761 441 799 Discrimen
467 771 668 807 procerum,
700 760 960 807 praecipitante
988 762 1072 800 fide.

185 816 262 853 Nec
290 814 412 851 minus
441 814 597 851 Albanis
628 813 686 862 (5)
717 813 812 851 acies
841 826 878 851 se
906 815 1064 852 candida
1090 815 1206 863 portis

237 868 419 914 Explicat,
450 869 485 904 et
513 866 634 914 longis
662 867 807 904 ducitur
833 867 1033 906 ordinibus.

186 921 385 958 Exsultant
411 920 576 957 fremitus
604 920 787 957 variarum
815 920 1004 958 hincinde
1022 921 1180 968 viarum,
1236 922 1312 959 205

239 974 437 1021 Indigena,
468 974 504 1010 et
531 973 662 1010 Picens
693 973 768 1022 (6),
799 973 902 1020 plebs
930 976 967 1011 et
993 975 1149 1013 Etrusca
1175 975 1316 1013 venit.-

189 1027 380 1065 Concurrit
407 1026 583 1064 Samnitis
613 1025 672 1075 (7)
703 1028 805 1063 atrox
833 1026 1032 1074 habitator,
1063 1029 1100 1065 et
1125 1028 1224 1066 altae

242 1081 450 1127 Campanus
478 1080 637 1126 Capuae,
667 1079 811 1127 iamque
840 1080 1008 1117 Nolanus
1035 1081 1153 1119 adest.

190 1134 348 1181 Quisque
376 1145 444 1170 sua
470 1132 590 1170 laetus
618 1144 700 1170 cum
728 1132 896 1180 coniuge,
928 1134 1094 1172 dulcibus
1121 1136 1158 1172 et
1181 1145 1263 1172 cum

245 1187 479 1234 Pignoribus‚
509 1185 678 1233 rapidum
705 1197 850 1233 carpere
878 1186 992 1233 gestit
1019 1187 1100 1224 iter.
1238 1186 1315 1224 210

192 1240 263 1278 Vix
289 1240 442 1286 capiunt
467 1239 584 1286 patuli
610 1239 823 1286 populorum
851 1240 988 1287 gaudia
1015 1240 1150 1288 campi,

245 1292 383 1330 Haeret
410 1294 446 1330 et
472 1293 511 1329 in
540 1292 687 1340 magnis
715 1293 829 1330 densa
855 1293 983 1330 cohors
1011 1294 1155 1341 spatiis.

192 1347 406 1393 Angustum
432 1345 549 1383 tantis
576 1345 668 1382 illud
697 1357 825 1393 specus
853 1358 931 1384 esse
959 1347 1116 1384 catervis

246 1399 358 1436 Haud
385 1399 536 1436 dubium
563 1400 631 1446 est,
662 1399 785 1447 ampla
813 1398 918 1437 fauce
944 1399 1030 1437 licet
1056 1401 1196 1447 pateat.

255 1528 300 1566 (1)
316 1529 489 1567 perspicuo
510 1528 651 1563 metallo,
675 1529 877 1560 marmoribus
899 1534 932 1559 et
954 1538 1022 1559 aere
1054 1530 1196 1559 ornatum
1218 1529 1318 1567 sepul-

194 1579 291 1605 crum,
314 1571 351 1599 ut
372 1578 587 1606 usquequaque
609 1571 740 1608 perspici
764 1572 876 1608 posset.

257 1624 301 1660 (2)
324 1623 526 1661 natalemque
548 1624 631 1652 diem
658 1624 782 1661 passio.
806 1623 883 1662 Quid
915 1623 979 1653 dies
1003 1623 1131 1660 natalis,
1153 1625 1185 1653 et
1221 1624 1320 1662 passio

195 1665 340 1702 martyris
361 1665 545 1700 significent.
564 1665 598 1695 V.
628 1664 707 1709 Περὶ
733 1663 833 1709 Στεᾩ.
861 1666 890 1701 1,
915 1666 987 1696 init.

257 1719 301 1756 (3)
324 1719 432 1750 vomit.
457 1717 493 1749 V.
517 1718 608 1748 VIRG.
634 1719 748 1756 Geor-9.
775 1719 824 1754 11,
848 1718 920 1749 462.

258 1772 302 1808 (4)
324 1771 514 1801 umbonibus
535 1772 656 1808 aequis.
680 1771 781 1800 Turba
790 1771 924 1800 tuni-eati
948 1771 1069 1809 popelli²
1092 1772 1125 1801 et
1147 1779 1208 1802 uua
1229 1771 1320 1809 primi

195 1813 311 1842 ordinis
326 1814 418 1848 cives,
442 1813 514 1848 quin
525 1814 628 1848 togam
651 1813 696 1841 ita
711 1816 936 1850 componerent,
959 1815 996 1842 ut
1017 1812 1175 1843 umbonem
1191 1813 1323 1842 efficeret

195 1855 369 1890 solemnem,
395 1854 576 1884 festinantes
607 1854 736 1891 pietatis
757 1854 859 1884 studio
879 1860 1001 1883 oratmn
1033 1854 1218 1885 conveniunt
1238 1862 1330 1884 acer--

196 1897 305 1926 vatim.

260 1949 306 1987 (5)
329 1949 504 1979 Albanis...
524 1949 642 1986 portis.
667 1948 777 1978 Albani
799 1949 881 1978 cives
902 1948 1029 1978 Romam
1051 1948 1218 1982 confluunt.

260 2002 303 2038 (6)
326 2002 453 2032 Picens.
471 2002 624 2038 Picentes,
640 2002 692 2038 qui
715 2002 746 2031 in
768 2010 822 2031 ora.
845 2002 940 2031 maris
961 2001 1088 2039 Tyrreni
1111 2001 1258 2032 incolunt.

260 2055 304 2092 (7)
328 2056 489 2085 Samnitis
520 2058 616 2084 atrox
647 2055 821 2086 habitator.
845 2055 918 2086 Sub.
943 2055 1022 2091 agri.
1055 2055 1166 2084 Noster
1200 2055 1320 2084 Conco-u

199 2097 309 2134 Symm
344 2096 386 2131 Π,
410 2097 481 2132 515,
505 2096 675 2127 Samnitem
697 2105 836 2135 asperum
859 2096 1004 2134 appellat.
