1450 2537
138 148 196 174 xlv
371 146 416 171 DE
444 143 648 170 I'RVDENTIO
678 142 827 174 EIVSQVE
855 140 1028 167 orffltlssvs

135 272 211 313 iuis
242 270 423 311 indulsit.
467 269 522 310 Et
557 267 712 322 quando
754 265 950 306 amatoria
997 264 1090 318 plus
1131 276 1258 318 aequo

136 340 416 383 adolescentior
448 339 705 380 tractaverat,
729 348 805 390 quo
838 336 995 376 malum
1027 335 1155 376 otium
1176 347 1263 376 cas-

136 412 303 453 tioribus
329 409 508 452 versibus
534 407 761 449 factitandis
793 407 1078 459 compensaret,
1110 405 1151 446 in
1171 409 1263 459 poe-

135 483 211 524 sim
233 494 386 523 sacram
407 492 540 521 omnes
561 491 677 520 curas
708 477 1047 531 cogitationesque
1076 475 1262 519 contulit.

137 554 225 605 Qua
256 553 295 592 iu
326 565 367 593 re
399 551 461 592 uti
492 563 563 604 par
588 549 693 590 oneri
725 548 801 590 sibi
833 548 1020 601 imposito
1041 549 1157 597 esset,
1190 559 1263 588 non

136 624 313 676 profanos
345 623 505 663 tautum
537 621 672 673 poetas
704 620 933 669 retractare,
966 631 986 659 e
1017 617 1164 672 quibus
1199 630 1264 659 ars

135 693 307 742 ducitur,
326 692 536 746 pulcriquo
553 703 689 732 sensus
711 689 882 739 acuitur,
905 689 972 730 sed
995 689 1115 731 Sacra
1137 688 1264 730 Volu-

135 765 244 805 mina
268 763 411 804 diurna
432 763 703 815 nocturnaque
721 773 839 802 manu
863 760 1056 810 evolvere,
1074 761 1115 801 et
1130 759 1170 800 in
1186 760 1264 801 Ec-

134 835 277 877 clesiae
313 833 504 875 Patribus
542 845 812 875 consenescere
849 831 1022 881 studuit,
1044 831 1186 873 doctus
1215 832 1264 872 ut

133 906 236 947 inter
257 905 485 946 divinarum
506 903 738 945 litterarum
765 903 941 944 doctores
962 901 1079 943 facile
1100 901 1264 943 habere-

135 978 214 1018 tur.
247 975 359 1017 Illud
389 987 482 1016 vero
518 974 856 1015 animadversione
893 972 1062 1026 dignum
1094 972 1265 1013 arbitror

134 1045 403 1088 Prudentium
422 1078 431 1095 ,
478 1057 606 1099 quum
656 1044 973 1086 Christianorum
1023 1043 1234 1085 historiam
1254 1075 1263 1092 ,

133 1116 407 1170 antiquitates,
454 1115 732 1170 doctrinasque
774 1114 978 1156 interiores
1024 1113 1262 1162 imbibisset,

135 1201 174 1230 se
206 1201 246 1229 se
276 1189 409 1229 totum
441 1187 491 1228 ad
527 1186 633 1229 vitae
655 1186 860 1228 sanctioris
880 1185 1073 1226 rationem
1105 1196 1264 1238 compo-

135 1259 361 1309 suisse,hoc
377 1257 641 1300 insolabiliter
657 1257 804 1306 dolens,
816 1270 855 1298 se
872 1256 1027 1298 florenti
1043 1255 1225 1297 aetatula
1241 1267 1264 1296 a

134 1331 242 1372 recto
262 1329 426 1371 tramite
443 1327 699 1370 aberravisse.
724 1327 973 1381 Quapropter
993 1326 1064 1368 ubi
1085 1325 1264 1380 primum

135 1414 180 1442 ex
212 1399 424 1442 itineribus
454 1399 563 1441 domi
594 1398 671 1441 sibi
691 1398 927 1441 commorari
947 1397 1090 1447 libuit,
1114 1397 1265 1437 morta—

134 1471 238 1512 lium
267 1483 403 1512 rerum
441 1469 642 1512 illecebris
683 1469 894 1519 abdicatis,
931 1468 1031 1509 liber
1074 1467 1281 1521 nulloque·

135 1542 246 1584 civili
266 1541 488 1583 officiorum
510 1553 651 1595 genere
678 1540 899 1590 devinctus,
923 1539 1038 1580 aedes
1059 1551 1153 1580 suas
1174 1550 1282 1591 per--

134 1613 224 1654 inde
254 1613 295 1654 in
315 1612 546 1654 monasterii
571 1612 741 1653 formam
761 1610 977 1659 convertit3
999 1608 1264 1652 coenobiticae

134 1685 242 1727 vitae
273 1684 349 1726 sibi
379 1684 490 1737 leges
520 1682 744 1733 constituit,
776 1684 898 1736 atque
934 1680 1014 1723 diei
1047 1681 1165 1722 horas
1195 1691 1264 1721 no-

135 1755 265 1797 ctibus
296 1754 535 1808 coniungens
566 1766 681 1795 omne
712 1755 872 1806 tempus
893 1752 934 1793 in
961 1752 1046 1793 Deo
1067 1750 1264 1792 adorando

135 1825 399 1879 partiebatur,
441 1825 540 1866 dum
579 1824 688 1867 feriis
729 1823 980 1874 esurialibus‚
1019 1821 1264 1864 Christiano-

134 1909 228 1937 rum
258 1908 380 1946 more,
413 1896 478 1937 uti
507 1895 581 1936 illa
613 1897 793 1949 tempora
822 1893 1100 1943 hortabantur,
1122 1904 1264 1945 corpus

136 1965 361 2008 subiiceret.
397 1965 554 2008 Scimus
585 1965 847 2007 domesticam
867 1965 969 2006 hanc
991 1963 1261 2012 secessionem,

136 2049 257 2089 quam
289 2037 506 2078 alcioneam
537 2037 715 2091 quietem
745 2036 834 2090 quis
865 2034 1023 2085 dixerit,
1054 2033 1262 2075 turbatam
