1502 2537
427 30 470 61 ,Ἥ

315 152 425 188 ΠΕΡΙ
451 151 710 188 ΣΤΕΦΑΝΩΝ
742 159 894 187 nnmvs
923 159 945 186 x
1119 147 1194 186 193

177 293 227 302 —
259 287 281 309 «
309 273 347 311 Si
375 272 534 321 quaeris,
563 283 584 311 o
612 271 811 318 Praefecte‚
841 283 963 309 vorum
994 282 1153 313 noscero,

178 326 259 364 Hoc
278 338 398 372 omne,
419 326 595 374 quidquid
613 325 844 364 lancinamur
874 326 949 374 (1),
972 336 1044 362 non
1065 325 1174 362 dolet.

231 390 352 436 Dolet,
385 392 479 438 quod
507 402 604 428 error
631 390 764 438 pectori
792 390 926 427 insedit
952 392 1029 435 tuo,
1119 389 1190 426 461

179 443 337 490 Populos
364 445 459 492 quod
489 444 577 482 istos
605 443 784 491 perditum
814 444 872 490 (2)
901 445 1019 480 tec-um
1047 442 1191 480 trahis:

177 495 337 534 Currunt
364 497 568 544 frequentes
595 497 756 544 undique
784 496 831 533 ad
859 495 1103 543 spectaculum

175 549 319 587 Gentile
347 549 495 598 vulgus,
526 550 615 587 hou!
647 549 824 596 gemenda
851 560 1022 596 corpora3

178 601 406 651 crudumque
426 605 570 640 nostrae
585 602 693 640 sortis
708 602 908 649 exemplum
923 602 1096 640 tremunt.
1119 601 1195 641 465

230 666 365 705 Audite
383 667 525 704 cuncti:
549 666 664 705 clamo
683 667 790 711 longo
811 679 852 704 ac
871 666 1037 714 praedico
1053 682 1061 704 ε

176 719 314 757 Emitto
342 731 464 758 vocem
492 720 534 757 de
563 722 705 758 catasta
734 720 792 768 (3)
821 720 969 757 celsior:

178 772 358 818 Christus,
388 776 561 820 paternae
589 773 725 820 gloriae
754 773 924 820 splendor
953 773 1028 821 (4),
1061 773 1160 810 Deus

177 826 312 863 Rerum
340 828 492 869 creator,
525 828 646 863 noster
674 826 768 862 idem
797 826 977 873 particeps

176 878 336 925 Spondet
362 878 517 916 salutem
545 881 724 926 perpetem
754 879 996 916 credentibus.
1120 879 1196 916 470

229 941 386 979 Animae
414 941 583 987 salutem,
614 941 692 979 sola
721 953 811 989 quae
841 954 912 980 non
943 942 1088 988 occidit,

176 994 246 1032 Sed
272 994 357 1042 iuge
385 995 537 1040 durans,
568 994 732 1041 dispares
760 1007 868 1032 casus
896 996 1009 1041 subit,

176 1048 255 1085 Aut
279 1047 360 1085 luce
387 1047 519 1094 fulget,
550 1049 615 1085 aut
642 1048 801 1085 tenebris
830 1049 1019 1093 mergitur.

176 1099 363 1138 Christum
390 1102 515 1138 secuta
543 1101 666 1138 Patris
694 1101 810 1138 intrat
837 1101 1013 1145 glor-ianm

175 1152 371 1199 Disiuncta
399 1153 556 1198 Christo,
587 1154 818 1200 mancipatur
845 1155 1009 1191 'rai-turo.
1120 1155 1195 1191 475

229 1217 400 1255 Curanda
426 1217 557 1256 mercis
587 1217 645 1265 (5)
675 1218 849 1265 qualitas,
881 1231 1060 1265 quaenam
1090 1219 1178 1256 mihi

175 1270 377 1319 Contingat
402 1270 489 1308 olim
517 1271 675 1318 perpetis
703 1271 930 1308 substantiae
960 1273 1044 1319 (6);

176 1323 275 1361 Nam
301 1324 463 1361 membra
489 1324 593 1371 parvi
620 1324 737 1370 pondo
762 1335 831 1371 quo
860 1327 965 1371 pacto
993 1325 1140 1371 cadant,

175 1377 314 1414 (lasura
339 1378 434 1414 certe
462 1376 542 1424 lege
570 1378 722 1414 naturae
750 1388 849 1414 suae.

174 1429 300 1467 Instat
325 1429 455 1468 ruina:
489 1430 584 1477 quod
604 1429 855 1467 resolvendum
874 1431 943 1477 est,
965 1432 1061 1468 ruat.
1119 1432 1195 1469 480

132 1551 180 1591 (1)
200 1552 361 1590 quidquid
384 1552 606 1584 lancinamur.
631 1553 776 1588 Lancino,
801 1562 907 1589 graece
929 1552 1069 1592 λακὶζω,
1087 1554 1195 1583 Dilan-

74 1598 202 1634 :inatus‚
223 1607 242 1628 a
263 1599 430 1635 dilancino.
451 1600 584 1630 vidimus
607 1600 638 1629 in
661 1600 772 1637 hymno
794 1601 832 1636 V,
857 1602 926 1632 156.

130 1651 174 1688 (2)
189 1651 371 1690 perditum,
386 1652 473 1683 codd.
490 1653 624 1690 potiores
639 1654 671 1682 et
685 1653 843 1684 Hemsws.
862 1653 990 1692 Quidam
1007 1654 1110 1690 legunt
1125 1664 1194 1692 per-

73 1692 179 1729 litus,-
201 1693 358 1723 Werrzivs
374 1694 520 1732 perditos
541 1694 702 1732 praetulit.

131 1744 178 1784 (3)
199 1745 237 1775 de
257 1748 395 1777 catasta.
420 1746 456 1777 V.
481 1746 585 1784 hymn.
610 1747 636 1781 Ι,
660 1747 711 1777 56.

131 1797 181 1837 (4)
206 1798 369 1833 Christus,
387 1801 544 1837 paternae
573 1800 698 1838 ylariae
718 1799 882 1838 splendor.
908 1800 943 1832 V.
967 1800 998 1832 S.
1022 1800 1118 1832 PAVL.
1143 1802 1195 1831 Aa

72 1839 228 1869 Hebraeos
249 1840 276 1875 1,
301 1841 355 1874 13;
379 1841 423 1869 ad
445 1841 564 1870 Coloss.
587 1841 614 1876 1,
640 1842 689 1872 15.

131 1892 178 1931 (5)
201 1893 325 1923 mercis.
350 1893 435 1922 Merx
455 1895 502 1923 est
524 1902 570 1923 res
594 1895 660 1931 ipsa
682 1902 759 1930 quae
783 1895 909 1931 emitur,
935 1895 981 1925 vel
1003 1896 1192 1928 extruditur.

73 1933 148 1964 Hinc
169 1942 222 1971 pro
244 1934 396 1969 mercede,
418 1936 451 1964 et
473 1943 526 1972 pro
548 1935 761 1967 retributione.

129 1986 176 2025 (6)
194 1988 338 2025 perpetis
358 1987 569 2018 substantiae.
594 1989 706 2026 Pei-pes
728 1990 775 2019 est
796 1989 832 2019 de
854 1998 886 2019 re
909 1990 1029 2026 integra
1051 1990 1084 2020 et
1106 1991 1190 2026 tota;

72 2027 146 2058 unde
167 2028 261 2068 iugis,
283 2032 456 2066 perpetuus,
480 2031 516 2060 ut
537 2029 670 2060 vidimus
691 2030 722 2060 in
745 2030 857 2068 hymno
880 2029 1019 2077 Κατημ.
1043 2031 1101 2069 XI,
1121 2033 1190 2064 111.

72 2074 128 2104 Hic
147 2075 196 2105 est
215 2075 412 2108 immortalis.

79 2148 113 2177 A.
133 2149 290 2178 Pavonum
313 2150 409 2178 Onera.
1062 2155 1094 2182 13
