1450 2537
178 152 251 191 156
557 160 707 189 ,1111111111
735 159 932 188 Pavonum

389 277 489 313 Haec
518 276 627 320 inter,
659 275 798 322 rapidis
826 274 925 311 focos
953 277 1143 321 crepantes
1226 274 1302 313 100

335 331 487 366 Intrant
514 329 699 375 passibus,
730 329 765 364 et
794 327 981 364 minantur
1010 328 1099 374 ipsis
1138 328 1195 375 (1)

340 383 584 418 Flammarum
617 380 890 427 trepidantibus
919 381 1088 418 caminis.

390 436 515 472 Nexus
544 434 714 481 denique,
746 432 808 480 qui
838 445 971 470 manus
1000 436 1197 471 retrorsum

341 489 381 525 [11
411 491 555 533 tergum
582 487 842 524 revocaverant
868 486 1065 532 revinctas,

337 542 483 577 Intacta
511 542 590 577 cute
620 540 791 577 decidunt
818 539 955 577 adusti.
1228 539 1302 577 105

388 595 472 631 Non
501 605 592 629 ausa
620 594 675 630 est
703 592 868 630 cohibere
892 603 1009 639 poena
1036 591 1195 639 palmas,

338 648 381 684 111
412 658 546 684 morem
575 645 700 683 Crucis
729 645 776 682 ad
806 646 953 682 Patrem
980 645 1181 682 levandas:
1203 646 1265 694 (2)

334 700 450 737 solva
478 699 640 743 brachia,
671 709 763 745 quae
792 698 909 735 Deum
936 700 1142 745 precentur.

391 754 595 789 Priscorum
625 751 806 798 specimen
835 751 948 788 trium
976 753 1141 799 putares,

337 810 433 851 Quos
461 805 547 842 olim
576 804 840 852 Babylonicum
868 816 932 851 per
959 805 1082 852 ignem
1229 804 1303 842 110

337 860 537 897 Cantantes
566 858 707 904 stupuit
733 858 892 894 tremens
921 860 1116 906 tyrannus.

389 912 472 949 Illis
501 911 564 948 sed
591 911 653 958 pia
681 910 829 947 flamma
856 912 934 948 tum
962 911 1137 958 pepercit,

337 965 509 1002 Nondum
537 965 697 1010 tempore
725 963 908 1011 passionis
937 965 1036 1011 apto,

337 1019 414 1055 Nec
442 1017 568 1055 mortis
598 1017 706 1054 decus
735 1017 932 1054 inchoante
962 1017 1123 1055 Christo,

389 1072 468 1108 Hos
484 1081 595 1118 quum
614 1069 799 1117 defugeret
807 1080 962 1117 vaporus
983 1070 1103 1116 ardor⁷
1119 1070 1177 1118 (3)
1228 1069 1303 1107 115

337 1124 467 1169 Orant,
498 1125 540 1161 ut
568 1123 662 1160 celer
689 1123 789 1170 ignis
817 1122 1019 1168 advolaret,
1125 1130 1128 1133 ’

338 1178 385 1214 Et
413 1178 523 1214 finem
551 1176 654 1213 daret
681 1175 801 1212 anxiis
829 1175 987 1222 periclis.

390 1231 550 1267 Exorata
577 1240 662 1266 suos
691 1228 786 1266 obire
814 1229 964 1266 tandem

338 1283 513 1320 Maiestas
543 1282 699 1319 famulos
728 1281 840 1327 iubet,
873 1282 1020 1319 caducis

338 1337 472 1373 Missos
500 1335 723 1382 corporibus,
755 1334 895 1382 sibique
923 1335 1037 1372 reddi.
1229 1334 1304 1372 120

391 1389 494 1427 Vidit
521 1388 702 1435 praesidis
731 1399 773 1424 ex
802 1388 907 1425 domo
937 1388 1084 1425 satelles
1120 1388 1179 1436 (4)

338 1442 486 1480 Caelum
514 1441 736 1489 martyribus
767 1442 889 1486 patere
919 1442 1098 1487 apertum,

337 1495 582 1542 Insignesque
611 1494 708 1531 viros
736 1504 800 1539 per
828 1495 931 1530 astra
960 1493 1059 1530 ferri.

391 1548 486 1594 Quin
515 1550 551 1585 et
578 1547 711 1585 filiolae
741 1557 893 1584 monens
921 1546 1029 1583 herili

337 1601 509 1640 Ostendit
537 1599 682 1638 sceleris
710 1601 835 1636 notam
862 1599 1022 1646 paterni,
1230 1600 1303 1637 125

339 1654 446 1692 Caelo
473 1656 610 1700 vivere,
641 1664 732 1701 quos
760 1652 878 1691 forum
905 1652 1072 1700 peremit.

242 1754 286 1791 (1)
312 1755 494 1784 minantur.
519 1754 564 1782 Ea
586 1754 655 1782 erat
676 1754 846 1789 martyrum
863 1751 1057 1788 confidentia,
1074 1752 1100 1781 is
1122 1752 1254 1790 animus,
1270 1753 1306 1783 ut

180 1797 252 1833 ipsis
276 1796 396 1831 ignibus
418 1795 559 1824 minitari
583 1795 770 1823 viderentur.

240 1837 283 1873 (2)
307 1838 341 1865 in
365 1846 481 1865 morem
503 1837 610 1865 crucis
633 1835 793 1865 levandos.
818 1835 881 1864 Hoc
907 1833 1016 1864 habitu
1042 1834 1169 1865 adorare
1183 1843 1304 1866 consue-

179 1880 286 1907 verunt
307 1878 379 1906 olim
402 1878 582 1907 Christiani.
606 1877 642 1907 V.
666 1878 896 1906 BONARROTIVM
918 1876 950 1904 in
978 1876 1081 1906 Viti-is
1102 1877 1305 1906 Coemeteria-

178 1920 274 1953 libus,
290 1928 360 1956 pag.
379 1918 453 1953 112}
468 1920 582 1948 BosrvM
595 1919 628 1948 et
641 1918 837 1953 Aamcmvm,
855 1918 973 1946 Romae
988 1917 1218 1947 Subterraneae
1230 1918 1304 1947 scri-

178 1964 289 1998 ptores.

240 2002 285 2038 (3)
315 2002 460 2039 Vaporus
476 2001 586 2030 ardor.
603 2001 700 2030 Ardor
711 1999 875 2037 vaporiffir,
891 1999 1019 2036 calidus,
1032 1999 1151 2031 ardens.
1163 1999 1303 2038 Epithet.

178 2052 319 2080 vaporus
340 2043 472 2071 occurrit
494 2043 525 2071 in
547 2043 665 2072 Nmms.
688 2042 796 2080 Ecloy.
819 2041 871 2076 IV,
896 2041 947 2071 63.

243 2083 286 2121 (4)
309 2094 348 2112 ea:
369 2084 461 2113 domo
482 2084 618 2114 satelles.
641 2084 751 2114 Servus
773 2091 849 2112 unus
870 2081 1019 2119 praesidis
1041 2081 1220 2112 Aemiliani.
