1450 2537
213 193 227 205 ..
235 188 254 204 a.
261 187 283 204 ιι
584 176 733 203 AVRELII
760 175 959 202 PRVDENTII

418 284 491 321 Illa
519 283 636 331 gradu
664 283 738 320 cita
765 281 952 330 pervigili,

365 337 485 374 Millia
512 337 628 373 multa
655 336 757 383 prius
785 335 943 383 peragit,

365 394 481 435 Quam
509 390 621 436 plaga
649 389 789 436 pandat
816 388 893 426 an
920 387 1067 435 polum:
1101 388 1159 438 (1)

363 444 471 480 Mane
500 443 654 489 superba
682 441 845 479 tribunal
873 441 965 486 adit,
998 442 1055 488 (2)

364 496 539 533 Fascibus
567 495 692 532 adstat
720 496 756 532 et
782 494 822 531 111
850 495 980 532 mediis
1010 495 1083 542 (3),
1283 497 1332 533 65

416 553 654 592 Vociferans:
686 575 738 580 —-
767 566 789 589 «
819 554 937 601 Rogo,
969 553 1051 601 quis
1079 553 1179 592 furor
1207 557 1264 592 est

364 608 516 645 Perdere
544 606 762 654 praecipites
790 607 950 654 animas,

363 662 412 698 Et
439 660 533 698 male
561 660 714 707 prodiga
742 660 851 698 corda
879 660 937 698 sui

364 715 528 751 Sternere
555 713 729 750 rasilibus
758 713 931 760 scopulis,

365 767 686 814 Omnipatremque
715 778 849 813 negare
878 767 995 804 Deum
1011 768 1029 804 ⁴?
1279 767 1327 806 70

419 825 615 871 Quaeritis,
647 836 667 862 o
695 824 904 863 miseranda
931 837 1079 871 manus,

368 878 668 917 Christicolarum
696 880 841 925 genus?
869 890 914 916 en
943 890 1010 926 ego
1038 890 1118 916 sum

365 931 597 970 Daemonicis
627 932 684 980 (4)
714 931 866 969 inimica
894 932 1037 969 sacris:

368 985 474 1023 Idola
501 986 643 1031 protero
671 985 739 1022 sub
767 984 936 1031 pedibus,

366 1040 514 1076 Pectore
542 1039 578 1075 et
606 1049 664 1075 ore
693 1038 810 1075 Deum
838 1037 967 1075 fateor.
1284 1039 1332 1076 75

419 1096 507 1142 Isis,
526 1096 674 1143 Apollo,
705 1096 831 1134 Venus
860 1096 954 1134 nihil
983 1098 1054 1144 est,

366 1149 616 1187 Maximianus
645 1151 681 1186 et
708 1149 785 1196 ipse
814 1149 933 1186 nihil:

366 1203 440 1240 Illa
468 1202 578 1248 nihil,
609 1202 696 1249 quia
724 1202 822 1239 facta
850 1215 986 1247 manu3

368 1256 440 1294 Hic
467 1267 644 1293 manuum
672 1255 759 1303 quia
788 1255 888 1293 facta
915 1256 1029 1293 colit:

366 1308 513 1346 Frivola
539 1310 692 1356 utraque
722 1308 797 1357 (5),
816 1310 852 1346 et
878 1310 1032 1356 utraque
1061 1309 1170 1346 nihil.
1284 1310 1334 1347 80

420 1367 667 1406 Maximianus
697 1366 755 1416 (6)
785 1378 893 1415 opum
922 1368 1107 1415 dominus,

271 1503 315 1541 (1)
338 1512 436 1541 quam
453 1502 559 1541 playa
575 1502 706 1540 pandat
720 1502 788 1531 an
804 1502 932 1540 polum.
951 1501 1123 1539 Antequam
1139 1502 1182 1532 sol
1199 1503 1337 1532 exoriens

210 1545 314 1581 plagas
336 1553 405 1574 eoas
426 1544 493 1573 luce
514 1552 570 1573 sua
592 1543 752 1581 compleat.

273 1597 317 1633 (2)
340 1596 488 1625 tribunal
509 1596 590 1626 adit.
616 1595 759 1625 Nonnulli
782 1596 932 1633 martyres
958 1595 1076 1632 Spiritu
1099 1595 1211 1626 Sancto
1239 1596 1336 1626 afflati

211 1638 343 1667 volentes
359 1639 390 1667 et
402 1638 518 1667 alacres
530 1638 653 1667 nomina
665 1646 720 1666 sua
737 1637 775 1666 ad
790 1637 906 1666 iudices
921 1637 1108 1672 deferebant,
1121 1646 1175 1674 pro
1186 1637 1336 1667 catholica

210 1680 350 1708 doctrina
379 1680 514 1708 animam
543 1687 651 1716 ponere
680 1679 894 1715 (liscupientes.
919 1679 954 1708 V.
978 1678 1080 1708 Praef.
1105 1679 1143 1708 ad
1165 1679 1195 1709 S.
1217 1679 1335 1708 Ivs'rim

210 1730 300 1792 {plera
315 1730 349 1792 IcI.
372 1721 460 1799 {1117}r>
474 1721 507 1750 et
528 1720 690 1750 HADmAN.
715 1720 897 1749 BAILLETVM
920 1720 951 1750 111
973 1720 1075 1750 Praef.
1098 1720 1137 1749 ad
1163 1720 1255 1750 Vitas
1276 1721 1326 1750 SS

274 1814 317 1852 (3)
341 1814 484 1851 fascibus
504 1815 540 1843 in
562 1814 696 1844 mediis:
720 1814 800 1843 inter
822 1813 957 1849 lictores,
981 1814 1034 1850 qui
1062 1813 1159 1844 fasces
1173 1813 1336 1851 magistra·

214 1856 293 1885 tibus
314 1855 514 1893 praeferrent.

276 1908 320 1946 (4)
344 1909 538 1938 daemonicz's
559 1917 613 1946 pro
634 1908 852 1938 daemoniacis
873 1907 1035 1945 usurpavit
1055 1908 1088 1937 et
1108 1907 1268 1938 Sssnvrrvs.

274 1962 316 1999 (5)
341 1962 461 1998 frivola
484 1965 631 1999 utraque.
655 1961 755 1998 Alpha
778 1961 809 1990 in
832 1962 962 1996 utraque
986 1960 1115 1990 licenter
1147 1961 1335 1998 producitur.

275 2015 318 2051 ((1)
344 2015 584 2043 Maximianus.
613 2014 749 2043 Militum
774 2014 931 2043 voluntate
946 2013 1153 2043 Dioclesianus
1167 2014 1338 2051 Imperator

213 2056 326 2090 (lictus,
350 2056 544 2085 Nivomediae
568 2056 598 2084 in
620 2056 741 2085 Bitinia
763 2055 885 2093 imperii
912 2055 1013 2084 sedem
1042 2055 1221 2090 constituit,
1246 2056 1338 2090 atque

214 2098 348 2126 Marcum
371 2097 527 2127 Aurelium
550 2097 705 2126 Valerium
734 2097 955 2127 Maximianum
980 2096 1217 2126 commilitonem
1236 2105 1337 2127 suum.
