1502 2537
355 137 462 173 ΠΕΡΙ
491 135 748 174 ΣΊῈΦΑΝΩΝ
778 143 929 173 nnfflvs
956 143 995 171 vl
1184 130 1256 169 151

403 260 538 296 Sensus
566 258 711 306 gravati
738 261 781 297 ut
807 259 971 296 sentiant

404 312 584 350 L‹·vamen
614 312 878 360 indulgentiae.

456 365 513 403 Sic
542 365 646 403 nulla
673 365 745 403 iam
774 367 886 402 restet
913 375 1028 410 mora,

403 418 498 463 Quin
527 419 721 456 excitatam
750 418 884 456 nobilis
1187 418 1261 453 aas.)

404 472 558 509 Carnem
586 473 747 510 resumat
775 471 941 519 spiritus,

405 524 548 562 Virtute
577 524 803 572 perfunctam
833 525 924 571 pari.

457 578 520 624 Ut,
552 590 643 625 quae
671 578 834 615 laborum
863 577 1043 624 particeps

405 631 600 668 Commune
628 631 824 668 discrimen
853 631 953 676 tulit,

403 683 458 721 Sit
486 686 522 721 et
549 684 720 722 cohaeres
747 683 886 732 gloriae
1188 682 1262 719 575

405 736 556 775 Cunctis
585 739 622 774 in
651 748 779 774 aevum
809 736 977 774 saeculis.

0 729 7 740 '
0 607 15 709 “W
0 335 17 596 ‘k'mw
4 312 14 322 .·
0 249 14 296 §⁴0

678 860 735 899 VI

422 947 466 983 IN
485 947 698 983 HONOREM
725 946 980 983 MARTYRVM

212 997 476 1036 FRVCTVOSI
504 996 732 1035 EPISCOPI
759 997 1191 1044 TARRACONENSIS,

378 1051 440 1088 ET
467 1050 699 1095 AVGVRII,
731 1050 792 1087 ET
819 1050 1028 1088 EVLOGII

588 1113 826 1141 DIACONORVM

89 1208 96 1214 .
142 1185 266 1226 Hymnus
278 1184 324 1212 hic
336 1185 430 1211 sextus
443 1184 523 1225 nobis
541 1184 679 1224 cruciatus
699 1185 793 1224 narrat
812 1184 962 1225 Fructuosi·
976 1185 1115 1218 pontificis
1136 1185 1265 1225 Tarraco-

176 1219 1264 1288 l’ffissinhsstnitissssmffl'Ztiss'c‘l‘iesfflffi‘ss‘ssffiassnqssffinffufssfss‘lsfblssspgtligssl

176 1292 272 1318 rentur
284 1291 357 1324 ignis
369 1291 548 1323 consumpsit,
563 1291 709 1317 fortissimi
725 1290 789 1321 viri,
810 1291 934 1316 manibus
955 1291 983 1316 in
998 1292 1087 1317 crucis
1107 1299 1206 1317 morem
1233 1292 1264 1316 ud

176 1327 279 1353 coelum
292 1325 421 1356 sublatis,
435 1327 570 1358 martyres
584 1326 737 1352 beatissimi
751 1326 785 1351 ad
800 1327 934 1352 coelestes
948 1326 1103 1353 evolarunt.

353 1398 455 1436 Felix
481 1399 651 1444 Tarraco,
683 1399 910 1443 Favmvoea
942 1399 1073 1437 vestris

299 1452 435 1490 Attolit
462 1453 573 1499 caput
601 1451 751 1500 ignibus
779 1463 982 1498 coruscum,
1001 1451 1060 1501 (1)

267 1542 270 1545 Α
301 1505 439 1543 Levitis
467 1505 624 1552 geminis
649 1505 774 1552 procul
802 1505 980 1543 relucens.

355 1558 546 1604 Hispanos
571 1558 670 1595 Deus
698 1557 856 1604 adspicit
882 1558 1079 1605 benignus,

303 1612 432 1648 Arcem
461 1611 752 1658 quandoquidem
781 1613 910 1658 potens
938 1611 1113 1648 Hiberam
1135 1611 1194 1660 (2)
1243 1613 1264 1649 5

302 1663 412 1701 Trino
440 1665 598 1712 martyre
626 1664 788 1701 Trinitas
816 1665 978 1702 coronat.

355 1717 500 1754 Ardens
528 1720 722 1754 Avovmvs
750 1718 908 1764 capessit
934 1717 1114 1759 aethram,

303 1770 379 1807 Nec
408 1781 480 1807 non
510 1770 695 1807 Evmmvs
723 1770 830 1807 simul
859 1771 1052 1817 superbum
1083 1770 1141 1818 (3)

302 1823 439 1861 Christi
467 1823 610 1860 lucidus
638 1823 685 1860 ad
713 1823 826 1862 sedile
854 1823 985 1860 tendit.

207 1909 253 1947 (1)
280 1910 440 1939 Vestris...
459 1910 604 1947 [quibus.
629 1910 700 1946 Igne
723 1910 871 1939 combusti
895 1910 1060 1947 perierunt.

206 1951 251 1989 (2)
275 1961 379 1981 arcem
403 1951 571 1981 Hiberam.
593 1952 724 1981 Tarraco
746 1951 912 1989 Hispaniae
938 1951 1007 1980 urbs
1033 1951 1071 1981 ad
1096 1952 1188 1982 Subin
1216 1952 1264 1982 fl.:

145 1990 265 2028 fuitque
286 1992 449 2023 Romanor.
474 1992 602 2027 colonia,
625 1997 717 2030 caput
739 1993 917 2022 Provinciae
932 1992 1102 2023 Citerioris.

209 2033 254 2072 (3)
276 2034 488 2072 superbum...
503 2034 618 2064 Sedile.
631 2033 749 2064 Vaticc.
763 2042 877 2070 omnes,
891 2042 948 2063 uno
963 2036 1099 2072 exr—epvo.
1117 2050 1155 2055 —
1171 2033 1266 2072 Quae-

145 2073 216 2104 dam
237 2075 329 2105 editt.
352 2085 529 2114 supernum
552 2084 619 2106 cum
641 2075 843 2106 Giseliniana.
