1450 2537
267 169 341 207 174

642 180 791 208 AVRELII
820 181 1017 207 PRVDENTII

424 294 629 331 Praecurrit
654 294 763 330 index
789 293 848 331 his
874 295 1019 340 repente
1047 295 1204 342 cognitis

372 349 563 391 lssouixnvs,
594 347 688 384 acris
717 347 821 383 heros
849 347 1095 392 excellentiae,

373 400 505 437 Venire
534 400 571 436 in
600 400 711 436 armis
741 400 940 446 perduelles
968 401 1131 446 nuntiat,

371 453 524 489 Animos
552 454 749 499 paventum
777 454 1011 500 praestruens
1038 454 1260 501 hortatibus,

371 508 474 542 ¹<tent
501 507 542 543 ut
569 506 704 552 parati,
735 517 824 543 neve
854 507 986 543 cedant
1012 507 1165 544 turbini.
1339 510 1387 545 55

423 582 617 628 Conspirat
642 593 716 619 uno
743 581 947 620 foederatus
975 583 1106 630 spiritu

370 636 464 673 Grex
493 635 738 681 Christianus,
769 647 902 682 agmen
930 636 1211 682 imperterritum

370 689 544 734 Mutrum,
575 688 749 734 virorum,
780 689 1027 735 parvulorum,
1058 689 1265 736 virginium

372 741 460 778 Fixa
488 742 523 778 et
551 742 691 778 statuta
718 743 774 779 est
801 742 968 779 omnibus
996 742 1180 780 sententia

374 794 495 831 Fidem
522 794 630 840 tueri,
662 794 718 832 vel
746 795 900 832 libenter
927 795 1052 832 emori.
1338 797 1388 834 60

422 870 546 909 Refert
572 871 740 918 repulsus
769 871 873 908 miles
903 871 962 920 (1)
991 872 1039 908 ad
1066 872 1255 919 subsellia,

371 924 493 961 Plebis
520 924 664 962 rebellis
693 936 770 962 esse
798 926 989 963 ROMANVM
1018 925 1157 972 ducem,

370 978 544 1024 Flagrare
571 979 721 1015 cunctos
749 978 927 1025 pervicaci
954 978 1123 1025 audacia,

373 1031 524 1078 [ug-ulos
551 1032 705 1068 retectos
734 1031 915 1068 obstinate
944 1042 1136 1078 opponere,
1187 1051 1190 1055 ·

370 1086 446 1130 Quo
474 1084 634 1132 gloriosa
662 1085 774 1121 morte
803 1084 913 1122 fortes
941 1086 1128 1132 oppetant.
1341 1087 1389 1124 55

425 1162 602 1208 Praeceps
630 1161 773 1198 iubetur
801 1160 885 1198 inde
914 1162 1093 1199 ROMAst
1121 1162 1216 1209 rapi,

370 1214 544 1261 Solusque
573 1215 613 1251 ut
641 1214 812 1252 incitator
839 1215 875 1251 et
902 1213 964 1251 fax
992 1214 1167 1260 omnium,

370 1269 440 1305 Pro
468 1267 675 1305 contumaci
700 1267 804 1314 plebe
831 1279 1000 1305 caussam
1028 1267 1158 1305 dicere.

370 1322 408 1358 It
435 1332 509 1358 non
535 1321 724 1366 resistens,
755 1332 863 1368 seque
891 1321 1023 1358 vinciri
1050 1321 1154 1367 petit,

371 1374 501 1412 Flexas
529 1375 565 1411 et
590 1374 686 1411 ultro
714 1375 857 1421 torquet
885 1373 923 1411 in
950 1375 1095 1421 tergum
1123 1385 1270 1411 manus.
1342 1375 1391 1413 70

422 1452 535 1488 Amor
562 1461 714 1488 coronae
741 1461 855 1497 paene
882 1450 1071 1497 praevenit
1096 1451 1234 1488 trucem

370 1503 524 1542 Lictoris
552 1505 681 1549 artem,
712 1505 839 1551 sponte
868 1504 986 1541 nudas
1014 1504 1167 1541 offerens

371 1559 513 1603 Costas,
544 1556 695 1594 bisulcis
723 1557 944 1594 exsecandas
971 1556 1135 1604 ungulis.

373 1610 556 1657 Inrumpit
583 1610 698 1647 altum
725 1610 837 1647 limen
867 1610 941 1658 (2),
972 1612 1008 1647 et
1034 1610 1273 1657 praeconibus

370 1666 519 1711 Stupore
548 1663 675 1710 mutis,
707 1663 783 1710 ipse
811 1665 983 1701 tortorem
1010 1663 1139 1701 trahit.

1342 1664 1362 1701 ’ἲ

1368 1665 1389 1700 5

328 1890 372 1927 (1)
394 1890 546 1928 repulsus
567 1891 672 1926 miles,
688 1899 704 1919 e
718 1890 826 1919 limine
841 1889 948 1926 templi
964 1888 1149 1927 prohibitus,
1167 1889 1210 1918 ad
1224 1889 1390 1924 subsellia,

265 1938 330 1967 scil.
346 1938 385 1966 ad
396 1938 531 1967 tribunal
544 1937 746 1975 Asclepiadis,
763 1937 815 1974 qui
832 1937 984 1966 iudicibus
998 1936 1163 1974 praeesset,
1180 1935 1271 1966 refert
1283 1945 1390 1965 nomen

267 1985 409 2016 Romani.
1204 1982 1207 1983 ⁷

329 2047 374 2084 (2)
396 2047 556 2085 irrumpit
578 2048 683 2077 (elbum
705 2048 815 2078 limen.
831 2046 946 2076 Iudicis
969 2045 1156 2084 praetorium
1178 2037 1302 2087 invadit
1331 2045 1390 2074 Ro-
1446 2050 1450 2073 ε

267 2102 386 2124 manus.
