1450 2537
144 160 197 187 XII
381 159 427 186 DE
454 157 658 186 PRVDENTIO
686 157 838 190 EIVSQVE
865 156 1038 184 OPERIBVS

142 284 367 338 phistarum
400 283 705 337 praeceptiones,
738 283 779 322 et
824 280 1030 323 licentiam
1065 279 1108 321 in
1138 279 1265 322 musis

141 355 360 396 excolendis
391 353 720 408 postiiahueruut,
754 351 890 405 palam
912 350 1052 392 testati
1083 351 1183 405 quot
1203 349 1264 391 in-

141 425 346 467 commoda
380 425 416 466 111
449 437 575 465 mores
608 422 800 477 publicos,
833 434 881 463 ne
912 421 1010 463 dum
1043 420 1083 462 iu
1104 433 1266 474 germa-

141 509 233 537 nam
265 495 532 549 eloquentiam
565 508 585 535 e
606 496 691 534 tam
712 494 898 546 corrupto
918 492 1024 534 fonte
1043 493 1265 534 manarent.

199 566 257 607 Ex
274 566 481 606 rhetorum
502 563 725 617 disciplina,
750 574 870 616 quam
893 561 1008 604 modo
1029 561 1264 613 memoravi,

140 637 216 678 iter
232 636 353 678 bonae
370 636 451 689 spei
474 634 700 676 hominibus
722 633 1039 675 adolescentibus
1061 632 1264 675 sterneba-
1311 674 1321 686 κ

141 709 205 748 tur
229 707 279 748 ad
300 707 443 756 forum,
467 706 515 746 ad
545 712 648 758 opes,
673 704 722 745 ad
744 704 919 745 honores.
953 703 1001 745 In
1023 703 1106 745 foro
1127 705 1265 745 autem

141 791 213 819 11011
229 778 310 819 iam
329 778 375 819 de
393 777 542 818 virtute
559 775 720 826 tuenda,
738 777 811 816 aut
828 774 996 816 veritate
1014 774 1266 828 exsplicanda

140 848 348 901 agebatur,
381 860 455 889 11011
488 860 556 900 pro
587 847 749 888 honesto
771 848 812 887 et
832 846 918 887 iure
941 847 1144 888 certamen
1166 847 1265 897 erat,

140 919 243 961 unde
274 918 545 960 innocentibus
577 917 698 968 salus,
730 917 886 970 reisque
927 928 1050 970 poena
1081 916 1265 967 oriretur,

139 990 206 1031 sed
238 1003 306 1044 pro
339 989 504 1031 victoria
534 988 846 1042 digladiabatur.
889 987 953 1029 Ibi
994 989 1125 1029 orator
1165 987 1268 1029 vires

139 1074 230 1102 suas
261 1060 575 1114 periclitabatur,
593 1059 626 1101 si
658 1060 790 1112 posset
810 1058 974 1100 mobilia
995 1058 1110 1112 vulgi
1131 1058 1268 1100 studia

138 1132 333 1174 continere
373 1134 445 1172 aut
483 1131 745 1180 inflammare,
787 1129 967 1171 iudicum
1013 1129 1261 1171 voluntatem

137 1203 404 1244 transversam
420 1202 533 1253 ferre,
545 1201 661 1255 plane
678 1203 725 1242 ut
742 1201 803 1241 illi
824 1213 898 1242 non
914 1201 1002 1255 rapi
1019 1200 1264 1249 viderentur,

138 1273 206 1314 sed
220 1274 332 1327 sequi
354 1273 549 1315 callidum
565 1274 773 1314 oratorem.
799 1271 914 1324 Quod
935 1271 1098 1322 Fabius,
1121 1271 1182 1313 vir
1203 1282 1267 1311 ce-

138 1346 222 1385 tera
238 1344 395 1398 probus,
413 1344 526 1385 laudi
546 1343 670 1386 vertit
689 1343 820 1384 Tullio
839 1342 880 1396 (1
892 1347 913 1393 ),
936 1343 979 1383 at
996 1341 1265 1384 Prudentium

137 1416 226 1467 post
263 1415 541 1456 confirmatam
562 1415 737 1456 aetatem
769 1412 969 1466 poenituit
999 1412 1149 1455 fecisse.
1194 1411 1266 1454 Nil

136 1484 262 1537 igitur
293 1485 457 1536 mirum,
489 1485 523 1527 si
554 1484 773 1538 septimum
805 1485 845 1525 et
877 1482 1260 1537 quinquagesimum

137 1567 283 1596 annum
304 1555 449 1597 aetatis
460 1568 654 1609 egressus,
667 1553 827 1608 hymnis
839 1553 1044 1607 praefatus
1059 1553 1156 1603 suis,
1169 1565 1268 1594 moe-

137 1637 221 1666 rore
253 1626 392 1679 plenus
423 1625 591 1667 scribere
622 1626 781 1666 coactus
804 1624 940 1675 fuerit,
973 1637 1014 1666 se
1045 1623 1128 1665 iam
1159 1623 1266 1665 senio

138 1695 315 1753 vicinum
346 1696 448 1737 nihil
478 1695 580 1737 utile
612 1695 714 1737 tanti
745 1694 874 1748 spatio
905 1694 1100 1748 temporis
1121 1694 1263 1748 egisse.

220 1799 332 1831 Aetas
355 1799 474 1840 prIma
497 1799 738 1839 crepantibus

222 1847 347 1878 Flevit
370 1848 438 1878 snb
460 1846 615 1885 feruhs3
641 1856 727 1878 mox
750 1846 878 1877 (locuit
901 1847 989 1886 toga

220 1893 401 1926 Infectam
427 1894 535 1925 vitiis
555 1892 652 1926 salsa
675 1893 793 1934 loqui,
817 1902 892 1925 non
915 1893 996 1924 sine-
1019 1892 1171 1924 crimine
1195 1892 1258 1932 (2).

185 2008 234 2050 (l)
263 2006 295 2040 V.
324 2006 380 2040 De
406 2006 527 2041 Iustis.
557 2005 696 2040 Orator.
723 2005 759 2048 X,
787 2005 810 2049 Ι,
840 2004 920 2041 108.

182 2065 235 2110 (2)
262 2065 296 2099 V.
322 2064 581 2111 Καθημερινῶν
606 2064 779 2108 Praefatio,
798 2065 816 2098 7
837 2066 869 2099 et
886 2074 973 2109 seqq.
