1502 2537
334 162 444 200 ΠΕΡΙ
470 161 729 197 ΣΊῈΦΑΝΩΝ
762 170 912 198 unmvs
941 171 962 197 x
1132 161 1207 198 209

238 282 363 322 Dixit:
395 283 524 321 deinde
553 282 639 320 dum
666 282 752 320 ferit
778 282 996 320 cerviculam
1131 284 1206 321 836

187 338 382 376 Percussor
409 348 509 381 ense,
540 336 647 374 docta
674 336 803 373 mulier
831 335 999 383 psallere,

186 391 375 439 Hymnum
401 390 557 427 canebat
584 389 758 427 carminis
788 389 848 437 (1)
880 389 1070 426 Davidici:

187 443 352 481 Pretiosa
379 442 498 480 sancti
527 453 624 480 mors
650 443 719 480 sub
746 442 919 489 adspectu
950 442 1044 486 Dei3

183 497 284 534 Tuus
311 495 372 533 ille
400 507 542 541 servus,
573 495 692 542 proles
721 495 780 543 (2)
811 495 967 532 ancillae
995 497 1092 532 tuae.
1129 496 1206 532 840

237 554 344 593 Talia
371 556 536 592 retexens
563 554 770 601 explicabat
797 554 963 601 pallium,

186 608 391 655 Manusque
418 607 592 645 tendebat
620 609 688 645 sub
716 608 790 645 ictu
818 609 855 645 et
883 607 1079 655 sanguine,

186 661 372 699 Venarum
400 663 442 698 ut
468 660 606 697 undam
634 660 810 707 profluam
839 660 1085 706 manantium,

185 714 234 751 Et
260 713 478 761 palpitantis
506 713 579 750 oris
607 714 785 760 exciperet
813 713 961 760 globum
991 712 1079 762 (3):

185 766 350 814 Excepit,
381 768 418 804 et
445 777 528 803 caro
555 766 757 813 adplicavit
783 766 933 813 pectori.
1129 766 1204 803 845

238 826 291 864 At
307 828 410 873 parte
430 825 549 872 campi
568 837 611 863 ex
631 825 761 870 altera,
784 825 979 863 immanem
1000 837 1126 874 pyram
1145 826 1204 874 (4)

185 879 344 916 Texebat
369 880 472 916 ustor
500 878 661 915 fumidus
689 878 778 925 pinu
807 878 925 923 arida,
1254 894 1259 898 ·

184 932 376 969 Sarmenta
403 931 546 968 mixtim
574 930 720 969 subdita
747 933 783 968 et
811 931 907 968 foeni
936 933 1072 968 struem

184 985 369 1033 Spargens
395 984 534 1032 liquato
562 995 640 1021 rore
670 983 844 1021 ferventis
872 984 977 1031 picis,

184 1038 262 1084 Quo
289 1037 439 1075 flamma
465 1038 574 1084 pastu
602 1039 776 1074 cresceret
803 1036 972 1074 ferocius.
1129 1038 1205 1074 850

235 1096 285 1134 Et
311 1095 385 1133 iam
411 1095 557 1133 retortis
586 1095 745 1133 brachiis
773 1095 875 1132 furca
906 1095 964 1144 (5)
995 1095 1138 1133 eminus

183 1149 364 1187 Romnvs
391 1150 495 1186 actus
524 1148 758 1196 ingerebatur
784 1159 894 1195 rogo:

185 1223 238 1236 ,-
254 1214 277 1237 «
292 1201 385 1247 Scio,
407 1200 530 1249 inquit
548 1201 624 1247 ille,
647 1212 722 1239 non
741 1201 905 1238 futurum
924 1202 966 1239 ut
984 1212 1203 1247 concremer,

182 1255 262 1293 Nec
288 1255 473 1302 passionis
501 1254 569 1292 hoc
596 1265 714 1302 genus
743 1254 870 1291 datum
899 1256 955 1291 est
984 1255 1096 1299 mihi3

183 1308 233 1346 Et
245 1309 361 1346 restat
378 1307 527 1355 ingens,
550 1308 647 1355 quod
666 1307 745 1352 fiat,
767 1307 998 1345 miraculum.
1019 1321 1040 1342 »
1058 1329 1109 1334 —
1129 1308 1203 1345 855

235 1366 343 1404 Haec
371 1366 448 1404 eins
476 1377 558 1404 orsa
587 1366 749 1414 sequitur
777 1366 976 1403 immensus
1004 1366 1127 1414 fragor

189 1419 305 1458 Nubis
332 1419 487 1465 ruentis,
519 1419 664 1456 nimbus
693 1419 859 1456 undatim
888 1419 993 1466 nigro

185 1473 364 1519 Praeceps
393 1483 571 1520 aquarum
599 1472 747 1510 flumine
776 1472 882 1519 ignes
910 1472 1042 1509 obruit.

182 1524 303 1562 Alunt
328 1524 425 1563 olivo
454 1525 753 1562 semicombustas
780 1524 892 1569 faces3

181 1577 252 1616 Sed
279 1577 395 1616 vincit
423 1577 538 1616 imber
566 1577 639 1615 iam
668 1577 874 1615 madentem
902 1577 1076 1615 fomitem.
1128 1579 1203 1616 860

139 1684 364 1755 ((ljkcanminis
386 1683 550 1714 Davidiot.
575 1683 729 1721 Hymnum
762 1683 906 1718 canebat,
931 1683 982 1719 qui
1016 1683 1046 1712 in
1072 1683 1204 1720 Vulgata

78 1726 129 1755 est
206 1725 237 1755 V.

140 1772 184 1810 (2)
200 1772 321 1810 proles.
346 1771 424 1801 Aliis
454 1771 569 1810 prolis.
594 1771 636 1801 De
658 1779 730 1801 vove
752 1770 820 1800 vide
853 1770 944 1800 γυῖα.
969 1770 1203 1806 LAnrRAncun,

76 1814 154 1844 Leat.
180 1815 264 1844 Poet.
292 1815 403 1843 Totius
425 1813 573 1851 Linquae
595 1813 669 1843 Lat.
694 1813 848 1849 Augustae
870 1812 1070 1842 Taurinorum
1093 1821 1131 1843 cx
1153 1813 1204 1844 Of-

74 1854 167 1884 ficiua
188 1855 286 1891 Regia
307 1863 357 1886 an.
383 1862 561 1885 [Περσαῖε.

137 1902 182 1940 (3)
203 1903 308 1933 oris...
323 1902 465 1941 ylobum.
483 1901 583 1939 Caput
603 1901 828 1931 detruncatum.
848 1900 969 1930 Poetice
983 1901 1016 1930 et
1031 1901 1199 1931 verissime.

137 1949 182 1987 (4)
203 1959 360 1988 pyram...
376 1949 452 1979 Vide
466 1949 509 1978 sis
525 1948 606 1986 apud
625 1948 715 1980 Vum.
735 1949 816 1978 Aen.
836 1947 885 1983 VI,
903 1947 976 1983 215,
995 1950 1027 1978 et
1042 1956 1127 1984 seqq.
1150 1957 1201 1985 py-

75 1998 142 2020 ram
169 1990 266 2027 illam,
288 1999 378 2028 quam
400 1991 506 2021 Teucri
530 1991 561 2020 in
582 1989 671 2020 litore
691 1990 883 2024 struxerunt,
908 1989 942 2018 ut
964 1989 1072 2019 Miseni
1095 1998 1202 2027 corpus

75 2035 258 2063 cremarent.

137 2079 182 2119 (5)
202 2081 310 2117 furca,
336 2079 469 2115 sui-cina,
491 2087 544 2109 seu
567 2078 684 2108 fuscina
705 2085 770 2108 reos
792 2076 927 2115 agebant
949 2077 980 2107 in
1004 2078 1116 2114 ignem.

129 2156 164 2184 A.
183 2155 340 2184 annnrn
362 2156 460 2190 opera.
1076 2188 1081 2193 ·
1098 2155 1130 2182 14
