1502 2537
399 0 605 26 ·n-5!·n†:··-
638 0 674 6 ·-
732 0 801 6 ’<’

381 148 492 184 ΠΕΡΙ
520 149 777 184 ΣἸῈΦΑΝΩΝ
810 158 959 185 ΗΥΜΝνε
989 159 1009 186 v
1218 148 1286 186 141

487 270 589 309 Pone
616 269 686 309 hoc
711 270 887 309 caducum
917 271 1106 310 vasculum

435 323 616 372 Compage
643 325 784 362 textum
811 325 943 370 terrea,

433 377 536 422 Quod
564 376 783 424 dissipatum
811 377 986 423 solvitur3

433 429 482 467 Et
508 429 599 467 liber
626 430 666 468 in
693 430 833 468 caelum
862 431 958 467 veni.
991 443 1013 464 »
1043 451 1093 458 —-

486 482 589 521 Haec
616 483 691 520 ille.
723 483 791 520 Sed
819 483 964 521 clausas
993 483 1086 521 fon-s
1216 486 1291 521 305

433 535 588 573 Interna
613 538 788 584 rumpunt
814 536 968 582 lumina,
993 537 1052 586 (1)

433 588 637 636 Tenuisque
665 600 729 636 per
755 589 867 627 rimas
895 589 992 628 nitor

434 641 544 679 Lucis
571 642 721 680 latentis
749 642 925 690 proditur.

487 695 566 732 Hoc
594 707 704 742 quum
727 697 894 742 >stuperet
921 695 1070 733 territus·

434 747 613 786 obsessor
640 748 711 785 atri
738 747 892 793 liminis,
1215 749 1291 786 310

431 801 545 846 Quem
572 812 660 838 cura
686 812 822 848 pernox
850 803 1038 839 manserat

434 855 583 892 Servare
611 852 759 891 feralem
788 855 933 892 domum
950 885 958 900 ‚

486 906 687 944 Psallentis
715 907 820 944 audit
846 907 996 954 insuper

432 959 632 998 Pnaedulce
659 971 806 997 carmen
835 961 1018 1008 martyriS‚

439 1012 506 1051 Cui
532 1012 632 1051 vocis
659 1012 779 1050 instar
806 1013 968 1051 aemulae
1215 1013 1290 1051 315

434 1065 613 1104 conclave
640 1065 759 1103 reddit
786 1077 998 1104 concavum.

487 1119 633 1156 Pavens
662 1118 790 1156 deinde
818 1119 1041 1166 introspicit,

431 1171 591 1210 Admota
618 1174 795 1219 quantum
823 1173 988 1219 postibus

429 1224 539 1263 Acies
565 1236 630 1272 per
657 1226 758 1262 artas
786 1226 977 1263 cardinum

431 1279 576 1317 Intrare
603 1277 793 1316 iuncturas
820 1280 952 1326 potest.
1214 1278 1290 1315 320

483 1331 646 1369 Vernare
673 1331 799 1369 multis
826 1332 975 1369 floribus

431 1385 639 1423 Stramenta
665 1385 843 1422 testarum
870 1384 984 1430 videt,

431 1438 631 1486 Ipsumque
657 1437 775 1475 vulsis
802 1438 954 1475 nexibus

433 1490 741 1530 obambulantem
767 1501 942 1539 pangere.

485 1543 691 1591 Implentur
718 1555 824 1581 aures
851 1543 987 1581 turbidi
1214 1544 1290 1580 3:25

433 1596 618 1635 Praetoris
646 1596 714 1634 hoc
742 1596 944 1634 miraculo:

432 1649 515 1687 Flet
540 1649 676 1695 victus,
706 1651 743 1686 et
769 1649 885 1686 volvit
911 1660 1062 1697 gemens

431 1703 547 1749 Iram,
579 1702 755 1752 dolorem,
786 1703 956 1740 dedecus.

486 1777 539 1782 —
568 1768 590 1791 «
619 1755 832 1802 Exemptus,
864 1755 1000 1802 inquit,
1031 1754 1183 1801 carceri,

433 1808 605 1847 Paullum
630 1808 802 1856 benignis
831 1808 966 1845 fotibus
1216 1809 1291 1846 330

432 1862 640 1907 Recreotur,
670 1863 712 1898 ut
739 1863 885 1908 pastum
914 1871 1048 1898 novum

433 1914 568 1953 Poenis
595 1913 751 1952 refectus
778 1915 962 1962 praebeat.
995 1927 1017 1948 »
1048 1933 1097 1940 —

231 2036 278 2077 (1)
299 2038 437 2068 Interna
457 2038 619 2076 rumpunt
640 2035 781 2066 lumina.
805 2036 862 2066 Per
888 2035 1006 2065 clausas
1032 2034 1110 2065 sores
1131 2034 1232 2066 lumen
1249 2035 1289 2064 in-

169 2078 291 2111 ternum
310 2079 446 2118 erumpit
