1450 2537
137 174 155 198 X
370 174 414 198 ΗΕ
443 173 648 198 ΙῚίνΙιΕΧΊῚΟ
678 171 827 203 fflstVE
855 170 1026 196 orffltluvs

137 293 342 347 pontificis,
356 292 521 346 Augurii
532 291 786 344 Eulogiique,
799 290 864 344 qui
884 290 1113 331 diaconatus
1123 289 1257 332 ordine

134 367 246 406 erant
256 364 362 405 aucti
376 379 384 412 ς
403 365 523 417 atque
534 376 691 404 versum
704 361 936 415 praesertim
956 360 1158 402 inculcant
1169 373 1258 402 cen-

135 436 324 477 tesimum
342 434 509 475 tertium
528 435 567 474 et
585 432 951 487 quadragesimum.
967 431 1105 485 Neque
1116 431 1260 473 desunt

135 507 201 560 qui
234 505 447 547 Aurelium
480 506 658 546 nostrum
680 503 1024 557 Caesaraugustae
1056 504 1197 544 natum
1219 515 1259 544 e-

137 578 341 618 xistiment
371 575 418 616 ob
449 575 490 616 id
521 577 696 625 tantum,
729 574 833 628 quod
862 574 1016 628 quoties
1047 573 1088 615 in
1108 574 1257 628 hymno

135 651 275 703 quarto
304 647 402 701 Περὶ
426 646 639 702 linewert
662 645 1024 699 Caesaraugustam
1048 646 1257 695 memorat,

136 719 397 773 Aragonensis
427 717 590 759 ditionis
618 718 752 770 caput,
787 717 902 758 toties
925 730 1047 758 suam
1070 716 1259 770 appellat.

137 791 190 831 Et
211 804 332 831 sunm
354 789 514 843 quidem
538 788 576 830 S.
602 787 861 829 Vincentium
882 789 1103 841 martyrem
1124 786 1262 840 panxit

137 862 175 902 in
198 874 239 902 eo
261 862 343 914 ipso
374 860 548 901 carmine
571 861 734 913 quarto,
757 872 794 900 v.
829 860 896 909 97,
930 860 971 900 et
1004 859 1099 900 101.
1125 858 1261 910 Quum

136 933 263 986 igitur
294 932 332 974 S.
368 930 602 972 Vincentius
642 930 824 972 omnibus
871 929 1263 983 Coesaraugustanus

137 1017 205 1058 pro
236 1003 431 1057 esplorato
462 1001 678 1051 habeatur,
712 1001 795 1042 eius
831 1000 1000 1042 laudum
1032 1012 1264 1054 praeconem

138 1074 402 1117 Prudentium
418 1086 539 1115 unam
557 1073 797 1126 eandemque
810 1072 984 1125 patriam
1000 1073 1164 1113 nactum
1181 1083 1264 1112 esse

138 1146 383 1187 confirmant.
402 1145 479 1186 His
490 1143 692 1186 calculum
704 1143 897 1184 adiiciunt
916 1144 1053 1184 ALDVS
1064 1154 1263 1192 romanus,

138 1217 371 1267 Gisntmvs,
406 1216 609 1265 VASAEvs‚
641 1214 926 1264 Homnxnvs,
945 1213 1160 1264 CrAEmcvs‚
1177 1213 1264 1254 Dv-

138 1299 271 1329 P1N1vs
296 1321 304 1338 ,
338 1286 485 1340 aliique
517 1286 753 1339 complures.
786 1285 868 1327 Nos
899 1298 984 1326 rem
1015 1285 1055 1325 in
1086 1283 1266 1326 medium

138 1360 415 1413 relinquentes,
438 1370 539 1412 quae
570 1358 617 1399 de
639 1359 769 1398 nostro
790 1357 910 1398 liceat
940 1355 1145 1397 verissime
1175 1367 1266 1396 nar-

139 1443 223 1471 rare
243 1430 395 1484 reliqua
425 1442 721 1482 prosequemur.

198 1501 422 1543 Christiano
438 1500 586 1541 nomini
603 1499 665 1541 vel
682 1511 703 1539 a
716 1499 856 1552 primis
873 1498 1104 1552 unguiculis
1116 1497 1267 1551 astipu-

140 1574 269 1623 latus,
301 1575 342 1614 et
372 1571 668 1613 liberalioribus
699 1570 933 1623 disciplinis,
964 1569 1026 1610 uti
1047 1569 1268 1622 ingenuum

142 1644 431 1685 adolescentem
441 1641 618 1691 decebat,
629 1641 853 1690 institutus,
868 1641 1141 1693 experrectum
1158 1639 1269 1693 inge-

142 1715 267 1764 11111111,
279 1716 399 1767 atque
417 1713 466 1754 ad
483 1712 614 1754 omnia
631 1724 788 1754 summa
806 1712 948 1752 natum
964 1712 1123 1752 mature
1139 1712 1269 1752 osten-

145 1785 216 1828 dit.
244 1784 473 1838 Septimum
496 1785 536 1825 et
557 1783 759 1824 decimum
780 1795 927 1823 3111111111
949 1781 1111 1831 habens,
1135 1780 1269 1822 rheto—

143 1869 233 1897 rum
255 1855 407 1897 scholas
424 1854 594 1905 audivit,
613 1853 800 1906 brevique
818 1852 973 1894 dicendi
989 1853 1075 1893 arte
1092 1851 1266 1904 peritus,

143 1926 416 1976 declamitare,
434 1925 495 1966 uti
513 1927 603 1966 tum
627 1924 805 1966 ferebant
826 1926 1019 1976 tempora,
1037 1934 1130 1963 cum
1152 1921 1268 1962 laude

144 1997 285 2050 coepit.
317 1997 364 2037 In
384 1995 658 2037 huiuscemodi
681 1995 879 2049 palaestra
900 1993 1077 2047 optimus
1099 1992 1267 2047 quisque

144 2081 163 2105 ο,
195 2066 478 2121 grammatices
508 2066 614 2108 ludis
645 2065 835 2107 dimissus
857 2077 896 2106 se
918 2077 958 2106 se
982 2076 1160 2106 exercere
1179 2075 1269 2105 con-
