1450 2537
179 153 255 192 20⁶>
561 161 711 188 Avitum
738 159 936 186 PRVDENTII

338 277 523 322 interpres
552 274 680 319 animi,
712 272 937 310 enuntiatrix
965 284 1154 320 sensuum,

287 330 412 367 Coralis
441 327 624 373 ministra,
655 337 784 374 praeco
813 326 928 372 operti
955 326 1128 372 pectoris,

286 383 409 420 Prima
438 381 609 418 offeratur
637 380 675 416 in
705 380 976 416 sacramentum
1003 378 1118 424 necis,

286 438 333 473 Et
361 435 411 471 sit
437 433 658 480 redemptrix
684 432 803 479 prima
830 432 1073 469 membrorum
1101 431 1286 477 omninum

285 490 421 526 Ducem
451 486 608 524 dicatam
639 485 698 534 (1)
728 496 812 522 mox
841 487 1038 532 sequentur
1057 486 1190 522 cetera.
1213 498 1236 520 ›>
1258 506 1303 512 —
1351 491 1353 494 ⁴

338 541 408 577 His
426 539 688 577 Macchabaeos
701 538 864 576 incitans
879 537 1039 575 stimulis
1052 549 1200 585 parens,
1233 538 1306 577 776

286 595 439 631 Hostem
468 592 615 639 subegit
643 591 879 639 subiugatum
908 591 1056 638 septies,
1089 591 1148 640 (2)

284 648 378 692 Quot
406 646 481 682 feta
509 645 625 691 natis,
655 646 711 682 tot
736 644 934 691 triumphis
962 644 1119 682 inclita:

285 701 344 737 Me
372 699 501 746 partus
528 709 625 735 unus
651 699 694 735 ut
721 696 876 735 feracem
904 696 1059 745 glorffle,

284 754 367 790 Mea
386 752 478 798 vita,
500 752 675 799 praestet,
697 750 737 788 in
755 752 821 788 tua
840 751 896 788 est
915 750 1027 788 situm
1045 761 1171 788 manu.
1232 751 1307 789 780

339 807 408 843 Per
435 804 545 842 huius
573 803 649 841 alvi
676 804 751 841 fida
779 803 1051 851 conceptacula,

286 860 355 896 Per
382 857 601 905 hospitalem
629 869 752 895 mense
779 856 952 904 bisquino
979 856 1094 894 larem
1115 855 1200 905 (3);

284 913 321 950 Si
350 912 453 949 dulce
481 911 599 949 nostri
625 910 780 957 pectoris
807 912 933 948 nectar
959 910 1043 957 tibi,

285 965 323 1003 Si
350 965 458 1003 molle
486 964 679 1012 gremium,
709 965 818 1012 grata
846 963 878 1001 si
905 963 1120 1010 crepundia,

287 1018 460 1064 Persiste,
474 1019 510 1054 et
524 1017 654 1055 horum
672 1028 862 1054 munerum
877 1017 1060 1054 auctorem
1074 1017 1214 1054 adsere.
1235 1017 1256 1053 7
1260 1016 1309 1053 85

339 1072 507 1117 Quanam
533 1072 610 1108 arte
641 1070 700 1119 (4)
721 1069 827 1108 nobis
855 1069 975 1107 vivere
1002 1070 1105 1108 intus
1133 1069 1308 1117 coeperis,

285 1126 322 1162 N
325 1125 526 1171 ihilumque
554 1125 590 1161 et
617 1123 723 1169 iliud,
753 1123 850 1161 unde
879 1134 1024 1170 corpus,
1054 1123 1201 1162 nescio:

285 1177 401 1216 Novit
427 1177 610 1214 animator
638 1176 737 1214 solus
765 1177 801 1213 et
828 1175 945 1214 factor
971 1177 1050 1214 tui:

285 1231 499 1278 Impendere
530 1229 590 1279 (5)
619 1229 705 1277 ipsi,
736 1229 840 1267 cuius
867 1230 969 1267 ortus
997 1240 1145 1267 munere
1174 1240 1236 1267 es:

284 1285 382 1323 Bene
401 1284 441 1321 in
461 1284 639 1330 datorem,
661 1283 757 1330 quod
772 1282 886 1328 dedit,
902 1282 1096 1321 refuderis.
1116 1295 1139 1318 »
1155 1303 1207 1309 —-
1235 1281 1310 1319 790

338 1336 444 1374 Talia
472 1337 626 1375 canente
653 1337 784 1381 matre,
815 1336 890 1373 iam
915 1335 1036 1374 laetus
1063 1347 1154 1383 puer

289 1391 403 1438 Virga
431 1391 634 1437 strepentes
661 1391 697 1427 et
724 1389 883 1427 dolorem
909 1389 1097 1427 verberum

284 1444 457 1483 Ridebat.
489 1442 562 1481 Hic
589 1443 669 1480 tum
696 1443 864 1490 cognitor
890 1442 1131 1489 pronuntiat:

284 1519 337 1524 —-
367 1511 390 1533 «
421 1496 623 1535 Claudatur
650 1495 778 1534 infans
806 1507 965 1542 carcere,
995 1496 1032 1533 et
1056 1494 1156 1533 tanti
1183 1493 1273 1532 mali

285 1553 465 1590 ROMANVS
493 1550 620 1588 auctor
647 1549 861 1597 torqueatur
889 1549 1026 1587 acrius.
1057 1561 1081 1584 »
1109 1569 1164 1576 —
1235 1548 1310 1586 795

243 1675 287 1712 (1)
311 1675 466 1711 dicatam,
489 1674 551 1704 Deo
573 1674 796 1709 consecratam,
818 1672 973 1704 devotam.

241 1728 284 1764 (2)
307 1728 437 1757 Hostem,
443 1749 505 1758 .....
528 1727 658 1764 subiuq.
689 1726 814 1764 septies.
838 1726 941 1755 Toties
962 1725 999 1755 de
1029 1724 1180 1755 Antiocho
1201 1725 1311 1755 trium-

176 1769 289 1806 pharit
305 1775 403 1798 mater
425 1769 490 1804 iila,
504 1769 624 1805 quoties
646 1768 724 1797 filios
747 1767 786 1811 ad
806 1767 992 1805 martyrium
1017 1767 1146 1797 hortata
1167 1770 1225 1798 est.

242 1822 286 1859 (3)
296 1832 359 1860 per
380 1821 569 1859 hospitalem
593 1821 695 1850 larem
717 1820 778 1851 ete.
792 1828 846 1858 per
868 1821 990 1850 uterum
1011 1821 1198 1855 maternum,
1222 1828 1311 1856 quem

179 1863 280 1892 deceni
302 1872 419 1893 menses
443 1863 604 1893 habitasti.
629 1879 669 1884 —
681 1864 781 1900 prata
802 1863 833 1891 si
854 1862 1045 1900 crepundia.
1069 1862 1113 1891 De
1135 1861 1312 1898 crepundiis

181 1905 212 1933 in
235 1906 366 1934 mentem
382 1913 490 1934 revoca
507 1913 583 1941 quae
606 1904 821 1933 annotavimus
843 1904 875 1932 in
898 1903 1010 1940 hymno
1025 1903 1056 1934 S.
1080 1902 1232 1938 Eulaliae,
1258 1903 1308 1932 19.

243 1958 286 1993 (4]
308 1967 451 1995 quanam
473 1959 553 1986 arte.
577 1956 660 1986 Haec
683 1965 720 1986 ex
741 1956 982 1986 Macchabaeor.
1005 1955 1036 1985 H
1051 1978 1060 1992 ,
1085 1956 1102 1985 ’1
1119 1977 1128 1991 ,
1151 1955 1312 1985 mutuatus

180 2003 226 2027 est
249 2001 350 2035 poeta.

243 2052 286 2087 (5)
309 2051 500 2088 impendere.
525 2050 631 2080 Modus
652 2050 830 2087 imperativ.
855 2058 936 2087 pass.
954 2047 1124 2087 impendor,
1147 2048 1228 2084 eris:
1253 2049 1310 2079 aut

181 2092 362 2129 infinitivus,
387 2093 483 2122 activi
504 2091 656 2130 impendo,
674 2092 713 2129 is,
736 2093 768 2121 et
789 2091 984 2128 subauditur,
1007 2095 1038 2121 te
1059 2090 1156 2122 decet.
