1502 2537
0 1187 2 1196 ⁷
0 1072 10 1132 ww·-

403 0 658 36 ruupevwroevprj
671 0 694 20 n
727 0 750 9 ’Ἴ

416 116 527 154 ΠΕΡΙ
553 115 811 152 ΣΤΕΦΑΝΩΝ
845 125 997 153 RYMNVS
1026 127 1038 153 ι
1254 118 1303 154 823

228 242 309 281 Hoc
335 241 458 279 tamen
487 239 604 277 solum
622 239 767 277 vetusta
794 239 1016 277 subtrahunt
1034 239 1196 286 silentia,

173 295 328 344 Iugibus
355 294 506 341 longum
535 292 675 330 catenis
703 304 749 330 an
779 292 953 340 capillum
982 293 1172 340 paverint:
1249 296 1298 331 80

173 350 250 395 Quo
279 348 376 385 viros
404 347 522 384 dolore
550 349 676 390 tortor,
708 357 824 393 quave
852 357 983 393 pompa
1013 345 1072 393 (1)
1102 348 1298 385 ornaverit.

229 407 300 446 [lla
326 407 409 444 laus
437 405 579 443 occulta
607 416 680 442 non
709 407 778 449 est,
812 416 876 442 nec
905 405 1062 442 senescit
1089 407 1263 452 tempore,

175 461 291 499 Missa
318 459 414 508 quod
443 470 587 496 sursum
616 469 678 504 per
706 470 815 495 auras
843 458 1034 495 evolarunt
1063 470 1227 497 munera.

174 516 273 561 Quae
301 513 398 551 viam
428 514 549 559 patere
578 511 668 549 caeli
697 511 952 558 praemicando
981 512 1225 549 ostenderumt.

228 572 336 611 Illius
364 571 471 609 fidem
500 571 666 618 figurans
694 570 788 606 nube
818 569 931 607 fertur
959 570 1133 614 annulus,
1255 570 1304 607 85

177 626 249 665 Hic
277 625 336 663 sui
363 625 427 661 dat
455 624 590 672 pignus
618 623 705 667 oris,
736 625 778 660 ut
806 622 941 667 ferunt,
973 622 1131 660 orarium
1163 623 1247 672 (2):

174 680 278 726 Quae
306 688 462 725 superno
489 678 596 724 rapta
625 676 714 713 flatu
742 676 835 713 lucis
864 675 1007 713 intrant
1035 676 1218 714 intimum.

229 738 300 776 Per
318 736 393 784 poli
411 735 587 783 liquentis
606 746 709 772 axem
730 734 852 781 fulgor
871 734 950 771 auri
972 733 1030 782 (3)
1052 735 1302 773 absconditur.

177 792 233 830 Ac
263 790 326 828 diu
354 789 473 827 visum
502 799 692 835 sequacem
721 787 859 825 textilis
888 788 1024 824 candor
1054 787 1112 836 (4)
1144 788 1262 836 fugit:

176 842 436 883 Subvehuntur
446 853 559 889 usque
571 841 608 878 in
620 842 735 886 astra,
750 852 815 878 nec
826 840 996 878 videntur
1007 841 1179 888 amplius.
1256 842 1306 879 90

228 902 334 941 Vidit
359 901 427 939 hoc
455 902 656 938 conventus
675 900 844 944 adstans,
876 899 952 946 ipse
971 899 1065 937 vidit
1093 901 1277 946 carnifex,

175 957 225 995 Et
251 966 402 993 manum
430 953 602 1001 repressit
629 953 798 998 haerens,
830 964 872 990 ac
901 954 1046 1000 stupore
1075 953 1278 1001 obpalluit3

175 1009 246 1048 Sed
271 1010 395 1046 tamen
423 1006 564 1054 peregit
594 1006 721 1051 ictum,
753 1017 798 1043 ne
827 1005 959 1053 periret
986 1006 1118 1053 gloria..

229 1067 356 1105 Iamne
367 1065 498 1111 credis,
512 1065 618 1102 bruta
629 1065 813 1112 quondam
823 1064 1029 1102 Vasconum
1042 1065 1247 1111 gentilitas,

175 1121 292 1166 Quam
302 1131 443 1158 sacrum
453 1118 610 1157 crudelis
619 1129 716 1156 error
726 1117 924 1155 immolarit
932 1118 1149 1165 sanguinem
1160 1120 1177 1155 ἶ)
1258 1119 1306 1157 95

175 1173 301 1212 Credis
328 1172 368 1210 in
397 1173 514 1210 Deum
541 1171 676 1209 relatos
705 1169 764 1220 (5)
794 1170 1011 1209 hostiarium
1040 1171 1220 1218 spiritus?

228 1233 356 1277 Cerne,
374 1243 484 1279 quam
498 1231 622 1278 palam
638 1229 773 1268 feroces
788 1230 847 1267 hic
863 1230 1056 1267 domantur
1071 1230 1279 1278 daemones,

174 1285 245 1331 Qui
271 1284 399 1333 lupino
427 1285 534 1332 capta
562 1284 636 1321 ritu
665 1284 841 1321 devorant
868 1283 1093 1330 praecordia,

173 1338 418 1387 strangulant
444 1338 585 1375 mentes
605 1338 641 1374 et
668 1337 782 1384 ipsas,
801 1347 909 1384 seque
936 1336 1093 1374 miscent
1121 1337 1304 1376 sensibus.

236 1461 282 1499 (1)
303 1470 404 1500 quave
426 1470 554 1499 pompa.
580 1459 682 1490 Vatic.
711 1468 787 1489 unus
810 1460 903 1496 atque
925 1459 1085 1489 Heinsiani
1109 1460 1166 1490 duo
1193 1460 1309 1491 habent

174 1512 277 1541 quave
293 1511 410 1541 poena,
434 1510 512 1538 quae
544 1501 635 1531 lectio
667 1501 763 1531 etiam
796 1501 931 1530 occurrit
953 1501 985 1530 in
1007 1500 1208 1532 Giselliniana
1229 1503 1306 1532 edit.

175 1544 318 1574 Heinsius
339 1546 443 1573 tamen
464 1552 566 1582 quave
584 1551 704 1581 pompa
736 1541 882 1580 praefert,
906 1542 984 1578 quod
1017 1541 1067 1572 hic
1099 1543 1136 1573 de
1168 1543 1308 1574 victimis

175 1587 298 1622 agatur.

237 1633 282 1668 (2)
305 1632 460 1662 Orarium
482 1631 642 1661 linteolum
667 1631 713 1660 ori
737 1631 877 1667 tegendo.
894 1631 930 1660 V.
959 1631 1166 1662 MAzocmvn:
1191 1632 1305 1671 Spicil.

177 1674 310 1703 Bibliot.
335 1673 400 1703 Vol.
425 1673 481 1708 111,
505 1681 576 1710 pag.
601 1673 678 1706 100:
703 1673 755 1708 qui
776 1680 872 1709 neque
888 1672 926 1701 ab
941 1681 1006 1708 ora,
1022 1681 1075 1703 seu
1090 1673 1182 1703 limbo
1198 1676 1306 1710 vestim

175 1723 271 1751 neque
293 1715 332 1744 ab
353 1723 403 1744 ore
426 1723 533 1744 nomeu
555 1716 656 1743 ortum
678 1713 801 1743 duxisse
823 1714 970 1746 ostendit,
994 1722 1141 1751 suamque
1163 1715 1200 1745 de
1221 1717 1306 1745 vocis

173 1758 276 1794 etymo
296 1756 481 1786 sententiam
505 1755 643 1793 exponit,
667 1763 759 1792 quam
774 1764 832 1784 non
856 1756 946 1785 vocat
966 1755 1131 1786 lectoribus
1145 1758 1259 1787 nostris
1274 1758 1306 1786 in

175 1797 309 1828 medium
332 1796 461 1827 adferre.

238 1843 283 1882 (3)
305 1843 418 1882 fulqor
437 1843 527 1874 auri.
550 1843 741 1880 Intelligitur
763 1852 871 1873 aureus
895 1842 996 1880 fulgur
1018 1843 1179 1874 Emeterii.

239 1890 284 1928 (4)
305 1890 429 1920 textilis
451 1890 578 1938 fulgor.
610 1890 694 1920 Haec
724 1890 763 1920 ad
795 1891 930 1920 orarium
945 1913 952 1927 ‚
986 1890 1023 1921 de
1045 1899 1103 1928 quo
1125 1900 1215 1922 versu
1236 1892 1307 1923 vide

174 1940 280 1970 supra.

238 1978 284 2016 (5)
307 1977 419 2008 Credis
439 1978 476 2007 in
508 1979 613 2008 Deum
644 1978 763 2008 relatos
794 1981 855 2008 etc.
888 1979 1022 2009 Putasne
1051 1979 1170 2009 animas
1198 1979 1306 2010 horum

176 2019 372 2090 martyrum,p
383 2019 434 2056 qui
456 2027 489 2050 se
511 2020 572 2051 Deo
595 2021 754 2057 tamquam
786 2019 904 2051 hostias
935 2021 1123 2052 obtulerunt.
1147 2021 1189 2052 ad
1210 2021 1305 2052 Deum

179 2068 349 2101 pervenisse
