1450 2537
1171 0 1450 70 ΫᾟἯ

1282 42 1298 55 >
1317 51 1330 58 ,r
1352 59 1377 69 ς,
1394 62 1397 71 C
1431 69 1440 79 l

234 139 310 178 132
615 150 764 179 Avussnn
792 151 991 178 Pavni-:N'rn

498 264 618 312 Atque
647 264 728 311 ipsa
756 275 955 311 poenarum
984 264 1118 302 ultima

496 317 595 355 Mors
625 317 847 355 Christianis
874 317 984 355 ludus
1013 321 1082 355 est.
1126 317 1183 366 (1)

549 377 578 415 O
608 379 731 414 vestra
759 377 883 414 inanis
913 377 1075 422 vanitas,
1310 380 1359 417 60

495 430 702 477 Scitumque
730 430 878 467 brutum
908 431 1098 468 Caesaris!
1133 431 1190 479 (2)

496 483 689 530 0011clig11a
716 483 850 520 vestris
880 483 1053 521 sensibus

495 536 573 574 Coli
604 535 736 573 iubetis
765 536 930 574 numina.

547 595 681 632 Excisa
710 595 834 632 fabrili
863 607 990 642 manu,

496 648 604 686 Cavis
632 650 776 686 recocta
804 650 840 686 et
868 649 1032 694 follibus,
1311 651 1358 688 70

493 702 591 747 Quae
620 713 720 748 voce,
749 714 844 749 quae
873 714 1001 749 gressu
1029 703 1169 748 carent,

493 756 666 801 Immota,
697 767 819 801 caeca,
851 756 1028 802 eiinguia.

552 814 623 852 His
649 816 864 862 sumptuosa
893 815 1085 862 splendido

496 867 656 905 Delubra
684 870 856 905 crescunt
884 879 1087 905 marmore:

493 920 565 958 His
594 921 689 958 colla
716 922 960 969 mugientium
1309 923 1356 960 75

493 975 673 1011 Percussa
701 976 890 1012 taurorum
918 975 1069 1013 cadunt.

544 1034 596 1070 At
625 1035 713 1071 sunt
741 1036 777 1070 et
806 1034 882 1071 illic
913 1033 1079 1080 spiritus.
1110 1036 1122 1079 (
1128 1034 1169 1081 3)

494 1087 610 1131 Sunt3
643 1087 707 1123 sed
736 1087 907 1134 magistri
935 1086 1129 1124 criminum
1161 1088 1234 1135 (4),

490 1140 643 1177 Vestrae
671 1142 707 1177 et
735 1141 867 1177 salutis
896 1152 1069 1187 aucupes,

489 1192 602 1239 Vagi,
634 1193 865 1240 impotentes,
898 1193 1060 1239 sordidi3
1305 1194 1354 1231 80

541 1252 610 1298 Qui
638 1264 702 1290 vos
730 1252 888 1290 latenter
917 1253 1050 1290 incitos

488 1306 536 1342 In
565 1316 670 1343 omne
698 1306 920 1353 compellunt
948 1305 1067 1353 nefas,

488 1359 644 1396 Vastare
672 1359 788 1396 iustos
816 1359 1003 1405 caedibus,

489 1412 637 1449 Plebem
665 1412 809 1460 piorum
837 1424 998 1460 carpere.

272 1517 331 1556 ,(1)
355 1519 446 1547 Mors
469 1518 669 1547 Christianis
692 1518 793 1546 Indus
814 1521 869 1547 est.
893 1518 1091 1548 RvaRTlvs
1113 1519 1149 1548 de
1174 1519 1206 1549 S.
1230 1518 1354 1548 Barisa-

220 1573 269 1594 mo
291 1566 383 1595 mart.
407 1565 542 1601 loquens,
568 1565 641 1594 haec
664 1565 695 1595 S.
721 1565 836 1602 Basylii
860 1566 952 1595 verba
969 1566 1062 1595 refert
1083 1575 1120 1595 ex
1143 1566 1276 1602 quadam
1291 1567 1339 1596 E«)

220 1613 308 1642 milia
330 1613 525 1649 deprompta:
551 1623 567 1640 ‹<
592 1612 743 1641 Exultant
765 1613 930 1650 martyres,
954 1613 1025 1642 dum
1048 1613 1246 1643 trucidantur
1270 1623 1299 1644 ».

285 1672 327 1710 (2)
352 1673 530 1710 scitzmzque
551 1672 698 1701 brutum:
722 1672 892 1710 stupidum,
916 1672 1068 1708 iniquum.
1085 1672 1128 1703 De
1144 1681 1215 1703 voce
1237 1673 1353 1704 brutus

219 1719 256 1748 V.
283 1720 474 1755 Cathemer„
499 1719 559 1755 VII,
583 1720 631 1749 89.

284 1777 328 1815 (3)
351 1778 397 1807 At
417 1781 495 1807 sunt
522 1781 551 1807 et
578 1778 650 1808 illio
680 1779 822 1816 spiritus
844 1779 904 1808 etc.
928 1779 977 1808 Ita
999 1778 1109 1810 Hems.
1143 1787 1182 1808 ex
1203 1779 1268 1809 cod.
1293 1780 1350 1809 Pu-

218 1824 321 1854 teano.
343 1825 380 1854 In
395 1825 529 1862 vulgatis
544 1828 649 1856 tamen
670 1826 857 1856 editionibus
878 1828 1043 1864 praeeunte
1058 1827 1203 1857 GisssLmo
1217 1826 1350 1863 legitur:

219 1882 236 1899 «
259 1872 392 1901 Adsunt
404 1875 434 1902 et
455 1873 526 1902 illic
547 1874 701 1912 spiritus,
719 1874 780 1903 Sed
800 1876 891 1910 sunt,
907 1875 967 1905 eto.
985 1884 1003 1901 >›
1019 1882 1096 1910 quae
1112 1874 1272 1904 Vaticanis
1288 1874 1349 1912 ple-

217 1919 319 1955 risque
341 1921 373 1949 et
395 1920 577 1950 Weitzianis
599 1921 738 1950 omnibus
761 1922 954 1959 respondent.

281 1973 324 2011 (4)
349 1975 502 2011 mayfstri
524 1975 714 2004 criminum«.
739 1975 782 2005 De
803 1975 978 2005 istiusmodi
1005 1975 1177 2011 magistris,
1195 1975 1278 2004 omni
1305 1975 1351 2004 vi·
1395 2004 1398 2006 ,

217 2021 268 2049 tae
283 2020 425 2050 dedecore
442 2022 474 2050 et
488 2021 670 2052 crudelitate
687 2022 815 2052 infames
830 2022 892 2053 err.
905 2023 1061 2059 Gnonvm,
1071 2023 1117 2052 De
1129 2023 1228 2052 Verit.
1241 2022 1348 2061 Reliy.

219 2067 340 2098 Christ.
364 2068 399 2098 L.
423 2068 476 2106 IV,
500 2078 568 2107 cap.
594 2069 629 2105 3:
654 2071 686 2100 et
708 2071 846 2100 nostrum
870 2069 952 2115 Περὶ
978 2068 1079 2116 Στεφ.
1105 2069 1210 2108 hymn.
1234 2069 1274 2101 X.
