1502 2537
394 143 505 180 ΠΕΡΙ
530 140 790 178 ΣΊἙΦΑΝΩΝ
817 153 970 182 nnmvs
995 153 1025 181 11
1186 140 1257 179 101

348 291 399 297 —
419 284 442 304 «
472 270 503 308 Ο
532 269 688 314 Christe,
720 279 854 306 numen
883 266 944 315 (1)
973 266 1135 304 unicum.

295 323 326 357 s)
355 322 538 371 splendor,
570 333 590 360 o
618 321 734 359 virtus
763 321 900 366 Patris,

296 376 327 413 Ο
356 376 470 413 factor
498 375 594 413 orbis
622 377 658 412 et
684 374 773 422 poli,
1184 371 1260 408 415

296 431 416 477 Atque
445 431 570 467 auctor
598 428 726 465 horum
754 426 958 470 moenium,

347 493 416 539 Qui
445 495 587 540 sceptra
615 493 749 530 Romae
779 491 816 528 in
845 490 979 527 vei-tien

296 547 429 584 Rerum
457 546 600 590 locasti,
631 545 800 582 sanciens

295 599 473 637 Mundum
501 598 681 644 Quirinali
707 600 815 644 togae
843 596 902 644 (2)

295 652 449 698 servire,
480 654 516 689 et
543 651 656 689 armis
682 651 826 696 cedere,
1184 650 1261 687 420

349 717 400 754 Ut
426 716 694 763 discrepantum
723 714 888 763 gentium

294 770 414 808 Mores
440 771 477 807 et
503 768 786 813 observantiam,

295 822 545 871 Linguasque,
575 823 612 859 et
638 821 801 869 ingenia,
832 821 868 857 et
895 831 1000 857 sacra

295 875 390 913 Unis
416 875 580 913 domares
605 874 758 922 legibus.
778 873 853 922 (3),

349 940 406 977 En
433 950 538 977 omne
565 939 633 976 sub
659 949 813 986 regnum
841 937 945 975 Remi
1183 938 1260 974 425

294 992 448 1031 Mortale
474 991 654 1030 concessit
679 1002 817 1039 genus:

294 1046 398 1084 Idem
424 1045 622 1093 loquuntur
649 1044 788 1082 dissoni

294 1098 417 1144 Ritus,
447 1098 486 1136 id
512 1098 633 1145 ipsum
659 1097 836 1135 sentiunt.

348 1162 428 1201 Hoc
456 1161 693 1207 destinatum,
724 1172 794 1209 quo
821 1160 941 1209 magis
971 1160 1030 1210 (4)

293 1215 360 1253 Ius
386 1215 586 1253 Christiani
612 1214 785 1260 nominis,
1183 1215 1260 1252 430

294 1268 548 1316 Quodcumque
574 1269 753 1305 terrarum
780 1267 888 1314 iacet,

295 1321 378 1359 Uno
404 1321 580 1369 inligaret
603 1321 763 1359 vinculo.

348 1386 421 1432 Da,
452 1385 610 1432 Christe,
639 1385 816 1423 Romanis
843 1385 933 1431 tuis,

294 1439 350 1477 Sit
376 1438 586 1477 Christiana
612 1440 655 1476 ut
680 1438 834 1484 civitas,

296 1493 366 1530 Per
393 1503 502 1540 quam
531 1491 678 1537 dedisti,
708 1493 750 1529 ut
776 1490 904 1529 ceteris
1183 1491 1259 1528 435

294 1545 400 1583 Mens
426 1556 501 1583 una
528 1555 713 1583 sacrorum
738 1543 844 1582 foret.

197 1667 244 1706 (1)
263 1677 395 1698 numen.
418 1667 527 1698 Omnes
541 1666 634 1697 editt.
651 1683 690 1689 —
708 1666 884 1704 Perplacuit
898 1666 1024 1696 Heinsio
1040 1675 1165 1701 nomen,
1182 1664 1261 1702 quod

136 1709 169 1740 in
189 1709 304 1740 duobus
325 1709 412 1740 codd.
435 1717 508 1739 mss,
533 1708 673 1738 vidisset.

198 1763 243 1802 (2)
263 1762 409 1793 Romulus
431 1762 498 1792 vita
520 1761 642 1792 functus
664 1761 808 1800 Quirinus
842 1762 889 1791 est
909 1761 1023 1796 dictus.
1048 1760 1180 1796 deusque
1206 1759 1260 1788 ha-

135 1805 236 1835 bitus:
260 1806 353 1842 atque
364 1803 550 1843 quirinalia
572 1811 649 1840 quae
671 1803 710 1832 ad
732 1803 894 1832 Romulum
924 1803 1016 1838 atque
1046 1809 1185 1831 romanos
1207 1801 1259 1830 ad-

135 1847 271 1877 tinerent
286 1847 359 1877 sunt
379 1845 545 1884 apponam
570 1847 605 1874 ut
626 1853 654 1875 e.
678 1853 725 1881 gr.
748 1845 822 1881 toga
844 1844 1018 1880 quirinalis,
1035 1842 1185 1880 quirinale
1206 1842 1259 1872 flu-

135 1896 216 1924 men,
237 1888 299 1918 etc.

196 1940 241 1980 (3)
263 1940 342 1970 unis
372 1939 520 1970 domares
552 1938 686 1977 leqihus.
720 1937 784 1969 Cfr.
811 1937 842 1968 S.
872 1937 1010 1968 Avovsr.
1042 1937 1090 1967 De
1123 1937 1260 1968 civitate

135 1981 210 2019 Dei,
230 1981 319 2018 XIX,
343 1980 394 2012 17.

196 2033 242 2073 (4)
261 2033 299 2065 V.
321 2033 354 2065 S.
375 2033 486 2064 Leonis
517 2033 621 2070 Magni
652 2032 790 2072 pulcram
819 2032 851 2062 in
875 2031 984 2063 Nativ.
1009 2031 1062 2062 SS.
1085 2030 1259 2070 Apostolor.

135 2074 220 2106 Petri
239 2076 273 2106 et
293 2074 382 2106 Pauli
396 2074 570 2106 homiliam.
