<?xml version="1.0" encoding="UTF-8"?>
<!DOCTYPE html PUBLIC "-//W3C//DTD XHTML 1.0 Transitional//EN"
    "http://www.w3.org/TR/xhtml1/DTD/xhtml1-transitional.dtd">
<html xmlns="http://www.w3.org/1999/xhtml" xml:lang="en" lang="en">
 <head>
  <title>
</title>
<meta http-equiv="Content-Type" content="text/html;charset=utf-8" />
  <meta name='ocr-system' content='tesseract 3.04.00' />
  <meta name='ocr-capabilities' content='ocr_page ocr_carea ocr_par ocr_line ocrx_word'/>
</head>
<body>
  <div class='ocr_page' id='page_1' title='image "./operapru01pruduoft_0056.png"; bbox 0 0 1450 2537; ppageno 0'>
   <div class='ocr_carea' id='block_1_1' title="bbox 200 157 945 195">
    <p class='ocr_par' dir='ltr' id='par_1_1' title="bbox 200 157 945 195">
     <span class='ocr_line' id='line_1_1' title="bbox 200 157 945 195; baseline -0.007 0"><span class='ocrx_word' id='word_1_1' title='bbox 200 157 245 195; x_wconf 79' lang='lat'><strong>14</strong></span> <span class='ocrx_word' id='word_1_2' title='bbox 573 165 721 193; x_wconf 71' lang='lat' dir='ltr'><strong>Avnssm</strong></span> <span class='ocrx_word' id='word_1_3' title='bbox 749 164 945 191; x_wconf 69' lang='lat' dir='ltr'><strong>annmwru</strong></span> 
     </span>
    </p>
   </div>
   <div class='ocr_carea' id='block_1_2' title="bbox 335 227 543 233">
    <p class='ocr_par' dir='ltr' id='par_1_2' title="bbox 335 227 543 233">
     <span class='ocr_line' id='line_1_2' title="bbox 335 227 543 233; baseline 0 0"><span class='ocrx_word' id='word_1_4' title='bbox 335 227 543 233; x_wconf 95' lang='lat' dir='ltr'><strong> </strong></span> 
     </span>
    </p>
   </div>
   <div class='ocr_carea' id='block_1_3' title="bbox 352 277 1326 1848">
    <p class='ocr_par' dir='ltr' id='par_1_3' title="bbox 357 277 1325 536">
     <span class='ocr_line' id='line_1_3' title="bbox 410 277 986 324; baseline -0.003 -8"><span class='ocrx_word' id='word_1_5' title='bbox 410 280 491 316; x_wconf 85' lang='lat' dir='ltr'><strong>Huc</strong></span> <span class='ocrx_word' id='word_1_6' title='bbox 519 278 648 323; x_wconf 87' lang='lat' dir='ltr'><strong>nitido,</strong></span> <span class='ocrx_word' id='word_1_7' title='bbox 680 288 816 324; x_wconf 78' lang='lat' dir='ltr'><strong>precor,</strong></span> <span class='ocrx_word' id='word_1_8' title='bbox 850 277 986 314; x_wconf 82' lang='lat' dir='ltr'><strong>intuitu</strong></span> 
     </span>
     <span class='ocr_line' id='line_1_4' title="bbox 357 329 900 373; baseline -0.007 -4"><span class='ocrx_word' id='word_1_9' title='bbox 357 332 474 369; x_wconf 69' lang='lat' dir='ltr'><strong>Flecte</strong></span> <span class='ocrx_word' id='word_1_10' title='bbox 503 331 728 369; x_wconf 63' lang='lat' dir='ltr'><strong>salutifinnm</strong></span> <span class='ocrx_word' id='word_1_11' title='bbox 757 329 900 373; x_wconf 77' lang='lat' dir='ltr'><strong>faciem,</strong></span> 
     </span>
     <span class='ocr_line' id='line_1_5' title="bbox 359 382 938 427; baseline -0.005 -6"><span class='ocrx_word' id='word_1_12' title='bbox 359 386 485 421; x_wconf 78' lang='lat' dir='ltr'><strong>Fronte</strong></span> <span class='ocrx_word' id='word_1_13' title='bbox 514 395 683 427; x_wconf 79' lang='lat' dir='ltr'><strong>serenus,</strong></span> <span class='ocrx_word' id='word_1_14' title='bbox 715 385 750 419; x_wconf 72' lang='lat' dir='ltr'><strong>et</strong></span> <span class='ocrx_word' id='word_1_15' title='bbox 779 382 938 427; x_wconf 82' lang='lat' dir='ltr'><strong>inradia,</strong></span> 
     </span>
     <span class='ocr_line' id='line_1_6' title="bbox 358 435 933 474; baseline -0.003 -1"><span class='ocrx_word' id='word_1_16' title='bbox 358 437 526 474; x_wconf 75' lang='lat' dir='ltr'><strong>Nominis</strong></span> <span class='ocrx_word' id='word_1_17' title='bbox 554 438 594 472; x_wconf 89' lang='lat' dir='ltr'><strong>ut</strong></span> <span class='ocrx_word' id='word_1_18' title='bbox 623 436 690 472; x_wconf 74' lang='lat' dir='ltr'><strong>sub</strong></span> <span class='ocrx_word' id='word_1_19' title='bbox 718 436 850 472; x_wconf 87' lang='lat' dir='ltr'><strong>honore</strong></span> <span class='ocrx_word' id='word_1_20' title='bbox 878 435 933 472; x_wconf 90' lang='lat' dir='ltr'><strong>tui</strong></span> 
     </span>
     <span class='ocr_line' id='line_1_7' title="bbox 358 487 1325 536; baseline -0.002 -10"><span class='ocrx_word' id='word_1_21' title='bbox 358 491 435 527; x_wconf 84' lang='lat' dir='ltr'><strong>llas</strong></span> <span class='ocrx_word' id='word_1_22' title='bbox 463 489 588 536; x_wconf 74' lang='lat' dir='ltr'><strong>opulas</strong></span> <span class='ocrx_word' id='word_1_23' title='bbox 616 488 724 526; x_wconf 87' lang='lat' dir='ltr'><strong>liceat</strong></span> <span class='ocrx_word' id='word_1_24' title='bbox 751 499 891 534; x_wconf 78' lang='lat' dir='ltr'><strong>capere.</strong></span> <span class='ocrx_word' id='word_1_25' title='bbox 1277 487 1325 524; x_wconf 90' lang='lat'><strong>10</strong></span> 
     </span>
    </p>

    <p class='ocr_par' dir='ltr' id='par_1_4' title="bbox 356 539 1080 641">
     <span class='ocr_line' id='line_1_8' title="bbox 408 539 1080 586; baseline -0.003 -8"><span class='ocrx_word' id='word_1_26' title='bbox 408 543 455 579; x_wconf 81' lang='lat' dir='ltr'><strong>Te</strong></span> <span class='ocrx_word' id='word_1_27' title='bbox 485 542 562 579; x_wconf 78' lang='lat' dir='ltr'><strong>sino</strong></span> <span class='ocrx_word' id='word_1_28' title='bbox 591 541 693 578; x_wconf 89' lang='lat' dir='ltr'><strong>dulce</strong></span> <span class='ocrx_word' id='word_1_29' title='bbox 721 540 829 586; x_wconf 87' lang='lat' dir='ltr'>nihil,</span> <span class='ocrx_word' id='word_1_30' title='bbox 863 539 1031 586; x_wconf 83' lang='lat' dir='ltr'><strong>Domine,</strong></span> <span class='ocrx_word' id='word_1_31' title='bbox 1075 556 1080 560; x_wconf 60' lang='lat'><strong>⁴</strong></span> 
     </span>
     <span class='ocr_line' id='line_1_9' title="bbox 356 593 973 641; baseline -0.003 -9"><span class='ocrx_word' id='word_1_32' title='bbox 356 596 431 632; x_wconf 86' lang='lat' dir='ltr'><strong>Nec</strong></span> <span class='ocrx_word' id='word_1_33' title='bbox 461 595 562 631; x_wconf 84' lang='lat' dir='ltr'><strong>iuvat</strong></span> <span class='ocrx_word' id='word_1_34' title='bbox 589 605 647 630; x_wconf 86' lang='lat' dir='ltr'><strong>ore</strong></span> <span class='ocrx_word' id='word_1_35' title='bbox 676 593 763 641; x_wconf 89' lang='lat' dir='ltr'><strong>quid</strong></span> <span class='ocrx_word' id='word_1_36' title='bbox 791 595 973 640; x_wconf 78' lang='lat' dir='ltr'><strong>appetere,</strong></span> 
     </span>
    </p>

    <p class='ocr_par' dir='ltr' id='par_1_5' title="bbox 354 645 1326 791">
     <span class='ocr_line' id='line_1_10' title="bbox 356 645 965 693; baseline -0.003 -9"><span class='ocrx_word' id='word_1_37' title='bbox 356 647 490 685; x_wconf 83' lang='lat' dir='ltr'><strong>Pocula</strong></span> <span class='ocrx_word' id='word_1_38' title='bbox 518 645 555 683; x_wconf 84' lang='lat' dir='ltr'><strong>ni</strong></span> <span class='ocrx_word' id='word_1_39' title='bbox 586 646 686 693; x_wconf 86' lang='lat' dir='ltr'><strong>prius</strong></span> <span class='ocrx_word' id='word_1_40' title='bbox 715 647 822 693; x_wconf 82' lang='lat' dir='ltr'><strong>atque</strong></span> <span class='ocrx_word' id='word_1_41' title='bbox 852 646 965 692; x_wconf 70' lang='lat' dir='ltr'><strong>cibos,</strong></span> 
     </span>
     <span class='ocr_line' id='line_1_11' title="bbox 355 698 969 745; baseline -0.003 -8"><span class='ocrx_word' id='word_1_42' title='bbox 355 700 510 745; x_wconf 75' lang='lat' dir='ltr'><strong>Christe,</strong></span> <span class='ocrx_word' id='word_1_43' title='bbox 540 700 626 736; x_wconf 84' lang='lat' dir='ltr'><strong>tuus</strong></span> <span class='ocrx_word' id='word_1_44' title='bbox 655 698 757 736; x_wconf 84' lang='lat' dir='ltr'><strong>favor</strong></span> <span class='ocrx_word' id='word_1_45' title='bbox 785 699 969 744; x_wconf 84' lang='lat' dir='ltr'><strong>imbuerit,</strong></span> 
     </span>
     <span class='ocr_line' id='line_1_12' title="bbox 354 751 1326 791; baseline -0.002 -1"><span class='ocrx_word' id='word_1_46' title='bbox 354 753 486 791; x_wconf 85' lang='lat' dir='ltr'><strong>Omnia</strong></span> <span class='ocrx_word' id='word_1_47' title='bbox 514 751 765 789; x_wconf 82' lang='lat' dir='ltr'><strong>sanctificante</strong></span> <span class='ocrx_word' id='word_1_48' title='bbox 794 752 876 788; x_wconf 88' lang='lat' dir='ltr'><strong>fide.</strong></span> <span class='ocrx_word' id='word_1_49' title='bbox 1278 751 1326 788; x_wconf 87' lang='lat'><strong>15</strong></span> 
     </span>
    </p>

    <p class='ocr_par' dir='ltr' id='par_1_6' title="bbox 407 804 1042 850">
     <span class='ocr_line' id='line_1_13' title="bbox 407 804 1042 850; baseline -0.005 -7"><span class='ocrx_word' id='word_1_50' title='bbox 407 805 556 843; x_wconf 85' lang='lat' dir='ltr'><strong>Fercula</strong></span> <span class='ocrx_word' id='word_1_51' title='bbox 583 807 709 842; x_wconf 85' lang='lat' dir='ltr'><strong>nostra</strong></span> <span class='ocrx_word' id='word_1_52' title='bbox 736 805 851 842; x_wconf 85' lang='lat' dir='ltr'><strong>Deum</strong></span> <span class='ocrx_word' id='word_1_53' title='bbox 880 804 1042 850; x_wconf 75' lang='lat' dir='ltr'><strong>sapiant,</strong></span> 
     </span>
    </p>

    <p class='ocr_par' dir='ltr' id='par_1_7' title="bbox 355 857 1003 904">
     <span class='ocr_line' id='line_1_14' title="bbox 355 857 1003 904; baseline -0.003 -8"><span class='ocrx_word' id='word_1_54' title='bbox 355 859 520 896; x_wconf 81' lang='lat' dir='ltr'><strong>Christus</strong></span> <span class='ocrx_word' id='word_1_55' title='bbox 549 859 583 894; x_wconf 90' lang='lat' dir='ltr'><strong>et</strong></span> <span class='ocrx_word' id='word_1_56' title='bbox 612 857 744 895; x_wconf 85' lang='lat' dir='ltr'><strong>influat</strong></span> <span class='ocrx_word' id='word_1_57' title='bbox 771 857 809 894; x_wconf 88' lang='lat' dir='ltr'><strong>in</strong></span> <span class='ocrx_word' id='word_1_58' title='bbox 838 859 1003 904; x_wconf 82' lang='lat' dir='ltr'><strong>pateras:</strong></span> 
     </span>
    </p>

    <p class='ocr_par' dir='ltr' id='par_1_8' title="bbox 353 911 938 957">
     <span class='ocr_line' id='line_1_15' title="bbox 353 911 938 957; baseline -0.003 -8"><span class='ocrx_word' id='word_1_59' title='bbox 353 912 465 957; x_wconf 81' lang='lat' dir='ltr'><strong>Seria,</strong></span> <span class='ocrx_word' id='word_1_60' title='bbox 496 911 637 948; x_wconf 88' lang='lat' dir='ltr'><strong>ludicra</strong></span> <span class='ocrx_word' id='word_1_61' title='bbox 664 911 787 956; x_wconf 83' lang='lat' dir='ltr'><strong>verba,</strong></span> <span class='ocrx_word' id='word_1_62' title='bbox 819 911 938 954; x_wconf 77' lang='lat' dir='ltr'><strong>iocos3</strong></span> 
     </span>
    </p>

    <p class='ocr_par' dir='ltr' id='par_1_9' title="bbox 354 963 1076 1011">
     <span class='ocr_line' id='line_1_16' title="bbox 354 963 1076 1011; baseline -0.004 -9"><span class='ocrx_word' id='word_1_63' title='bbox 354 965 515 1011; x_wconf 80' lang='lat' dir='ltr'><strong>Denique</strong></span> <span class='ocrx_word' id='word_1_64' title='bbox 544 964 639 1011; x_wconf 85' lang='lat' dir='ltr'><strong>quod</strong></span> <span class='ocrx_word' id='word_1_65' title='bbox 668 975 806 1009; x_wconf 82' lang='lat' dir='ltr'>sumus,</span> <span class='ocrx_word' id='word_1_66' title='bbox 839 966 903 1000; x_wconf 88' lang='lat' dir='ltr'><strong>aut</strong></span> <span class='ocrx_word' id='word_1_67' title='bbox 931 963 1076 1010; x_wconf 78' lang='lat' dir='ltr'><strong>agimus</strong></span> 
     </span>
    </p>

    <p class='ocr_par' dir='ltr' id='par_1_10' title="bbox 353 1016 1326 1117">
     <span class='ocr_line' id='line_1_17' title="bbox 353 1016 1326 1063; baseline -0.002 -9"><span class='ocrx_word' id='word_1_68' title='bbox 353 1018 464 1055; x_wconf 82' lang='lat' dir='ltr'><strong>Trina</strong></span> <span class='ocrx_word' id='word_1_69' title='bbox 494 1028 646 1063; x_wconf 79' lang='lat' dir='ltr'><strong>superne</strong></span> <span class='ocrx_word' id='word_1_70' title='bbox 675 1017 780 1063; x_wconf 86' lang='lat' dir='ltr'><strong>regat</strong></span> <span class='ocrx_word' id='word_1_71' title='bbox 806 1016 937 1063; x_wconf 80' lang='lat' dir='ltr'><strong>pietas.</strong></span> <span class='ocrx_word' id='word_1_72' title='bbox 1276 1016 1326 1053; x_wconf 79' lang='lat'><strong>20</strong></span> 
     </span>
     <span class='ocr_line' id='line_1_18' title="bbox 408 1067 1108 1117; baseline -0.003 -10"><span class='ocrx_word' id='word_1_73' title='bbox 408 1070 479 1107; x_wconf 84' lang='lat' dir='ltr'><strong>Hic</strong></span> <span class='ocrx_word' id='word_1_74' title='bbox 508 1069 597 1106; x_wconf 87' lang='lat' dir='ltr'><strong>mihi</strong></span> <span class='ocrx_word' id='word_1_75' title='bbox 625 1069 727 1106; x_wconf 85' lang='lat' dir='ltr'><strong>nulla</strong></span> <span class='ocrx_word' id='word_1_76' title='bbox 755 1080 857 1106; x_wconf 83' lang='lat' dir='ltr'><strong>rosae</strong></span> <span class='ocrx_word' id='word_1_77' title='bbox 886 1068 1002 1115; x_wconf 77' lang='lat' dir='ltr'><strong>spolia</strong></span> <span class='ocrx_word' id='word_1_78' title='bbox 1031 1067 1108 1117; x_wconf 91' lang='lat'>(1),</span> 
     </span>
    </p>

    <p class='ocr_par' dir='ltr' id='par_1_11' title="bbox 354 1122 981 1169">
     <span class='ocr_line' id='line_1_19' title="bbox 354 1122 981 1169; baseline -0.003 -9"><span class='ocrx_word' id='word_1_79' title='bbox 354 1123 489 1160; x_wconf 82' lang='lat' dir='ltr'>Nullus</span> <span class='ocrx_word' id='word_1_80' title='bbox 517 1123 676 1159; x_wconf 87' lang='lat' dir='ltr'><strong>aromate</strong></span> <span class='ocrx_word' id='word_1_81' title='bbox 707 1122 849 1169; x_wconf 82' lang='lat' dir='ltr'><strong>fragrat</strong></span> <span class='ocrx_word' id='word_1_82' title='bbox 876 1122 981 1166; x_wconf 82' lang='lat' dir='ltr'><strong>odor3</strong></span> 
     </span>
    </p>

    <p class='ocr_par' dir='ltr' id='par_1_12' title="bbox 354 1174 961 1222">
     <span class='ocr_line' id='line_1_20' title="bbox 354 1174 961 1222; baseline -0.002 -9"><span class='ocrx_word' id='word_1_83' title='bbox 354 1176 421 1213; x_wconf 83' lang='lat' dir='ltr'><strong>Sed</strong></span> <span class='ocrx_word' id='word_1_84' title='bbox 448 1175 566 1222; x_wconf 86' lang='lat' dir='ltr'><strong>liquor</strong></span> <span class='ocrx_word' id='word_1_85' title='bbox 594 1174 717 1211; x_wconf 89' lang='lat' dir='ltr'><strong>influit</strong></span> <span class='ocrx_word' id='word_1_86' title='bbox 744 1174 961 1220; x_wconf 82' lang='lat' dir='ltr'><strong>ambrosius,</strong></span> 
     </span>
    </p>

    <p class='ocr_par' dir='ltr' id='par_1_13' title="bbox 355 1227 943 1275">
     <span class='ocr_line' id='line_1_21' title="bbox 355 1227 943 1275; baseline -0.005 -8"><span class='ocrx_word' id='word_1_87' title='bbox 355 1230 642 1275; x_wconf 82' lang='lat' dir='ltr'><strong>Nectareamque</strong></span> <span class='ocrx_word' id='word_1_88' title='bbox 671 1228 778 1264; x_wconf 88' lang='lat' dir='ltr'><strong>fidem</strong></span> <span class='ocrx_word' id='word_1_89' title='bbox 805 1227 943 1265; x_wconf 87' lang='lat' dir='ltr'><strong>redolet</strong></span> 
     </span>
    </p>

    <p class='ocr_par' dir='ltr' id='par_1_14' title="bbox 354 1280 1324 1328">
     <span class='ocr_line' id='line_1_22' title="bbox 354 1280 1324 1328; baseline -0.001 -9"><span class='ocrx_word' id='word_1_90' title='bbox 354 1283 472 1319; x_wconf 84' lang='lat' dir='ltr'><strong>Fusus</strong></span> <span class='ocrx_word' id='word_1_91' title='bbox 500 1281 546 1318; x_wconf 83' lang='lat' dir='ltr'><strong>ab</strong></span> <span class='ocrx_word' id='word_1_92' title='bbox 573 1291 686 1328; x_wconf 85' lang='lat' dir='ltr'><strong>usque</strong></span> <span class='ocrx_word' id='word_1_93' title='bbox 715 1281 837 1318; x_wconf 82' lang='lat' dir='ltr'><strong>Patris</strong></span> <span class='ocrx_word' id='word_1_94' title='bbox 865 1280 1014 1328; x_wconf 87' lang='lat' dir='ltr'><strong>gremio.</strong></span> <span class='ocrx_word' id='word_1_95' title='bbox 1275 1282 1324 1318; x_wconf 77' lang='lat'><strong>25</strong></span> 
     </span>
    </p>

    <p class='ocr_par' dir='ltr' id='par_1_15' title="bbox 406 1333 1189 1381">
     <span class='ocr_line' id='line_1_23' title="bbox 406 1333 1189 1381; baseline -0.003 -9"><span class='ocrx_word' id='word_1_96' title='bbox 406 1335 553 1381; x_wconf 78' lang='lat' dir='ltr'><strong>Sperne,</strong></span> <span class='ocrx_word' id='word_1_97' title='bbox 586 1334 780 1379; x_wconf 81' lang='lat' dir='ltr'><strong>Camoena,</strong></span> <span class='ocrx_word' id='word_1_98' title='bbox 811 1334 907 1371; x_wconf 78' lang='lat' dir='ltr'><strong>leves</strong></span> <span class='ocrx_word' id='word_1_99' title='bbox 935 1333 1086 1371; x_wconf 77' lang='lat' dir='ltr'><strong>hederas</strong></span> <span class='ocrx_word' id='word_1_100' title='bbox 1116 1333 1189 1381; x_wconf 82' lang='lat'>(2),</span> 
     </span>
    </p>

    <p class='ocr_par' dir='ltr' id='par_1_16' title="bbox 354 1386 1021 1435">
     <span class='ocr_line' id='line_1_24' title="bbox 354 1386 1021 1435; baseline -0.001 -11"><span class='ocrx_word' id='word_1_101' title='bbox 354 1388 506 1435; x_wconf 84' lang='lat' dir='ltr'><strong>Cingere</strong></span> <span class='ocrx_word' id='word_1_102' title='bbox 533 1388 696 1433; x_wconf 87' lang='lat' dir='ltr'><strong>tempora</strong></span> <span class='ocrx_word' id='word_1_103' title='bbox 724 1389 805 1434; x_wconf 79' lang='lat' dir='ltr'><strong>quis</strong></span> <span class='ocrx_word' id='word_1_104' title='bbox 833 1386 941 1424; x_wconf 82' lang='lat' dir='ltr'><strong>solita</strong></span> <span class='ocrx_word' id='word_1_105' title='bbox 969 1398 1021 1431; x_wconf 87' lang='lat' dir='ltr'><strong>es;</strong></span> 
     </span>
    </p>

    <p class='ocr_par' dir='ltr' id='par_1_17' title="bbox 353 1439 912 1487">
     <span class='ocr_line' id='line_1_25' title="bbox 353 1439 912 1487; baseline -0.004 -9"><span class='ocrx_word' id='word_1_106' title='bbox 353 1441 523 1487; x_wconf 79' lang='lat' dir='ltr'><strong>Sertaque</strong></span> <span class='ocrx_word' id='word_1_107' title='bbox 551 1439 706 1487; x_wconf 82' lang='lat' dir='ltr'><strong>mystica</strong></span> <span class='ocrx_word' id='word_1_108' title='bbox 734 1439 912 1487; x_wconf 84' lang='lat' dir='ltr'><strong>dactylico</strong></span> 
     </span>
    </p>

    <p class='ocr_par' dir='ltr' id='par_1_18' title="bbox 353 1491 926 1540">
     <span class='ocr_line' id='line_1_26' title="bbox 353 1491 926 1540; baseline -0.003 -9"><span class='ocrx_word' id='word_1_109' title='bbox 353 1494 483 1531; x_wconf 83' lang='lat' dir='ltr'><strong>Texere</strong></span> <span class='ocrx_word' id='word_1_110' title='bbox 512 1493 618 1530; x_wconf 88' lang='lat' dir='ltr'><strong>docta</strong></span> <span class='ocrx_word' id='word_1_111' title='bbox 644 1492 722 1540; x_wconf 84' lang='lat' dir='ltr'><strong>liga</strong></span> <span class='ocrx_word' id='word_1_112' title='bbox 750 1491 926 1539; x_wconf 83' lang='lat' dir='ltr'><strong>strophio,</strong></span> 
     </span>
    </p>

    <p class='ocr_par' dir='ltr' id='par_1_19' title="bbox 353 1545 1324 1584">
     <span class='ocr_line' id='line_1_27' title="bbox 353 1545 1324 1584; baseline 0 -1"><span class='ocrx_word' id='word_1_113' title='bbox 353 1546 475 1584; x_wconf 81' lang='lat' dir='ltr'><strong>Laude</strong></span> <span class='ocrx_word' id='word_1_114' title='bbox 503 1545 570 1583; x_wconf 89' lang='lat' dir='ltr'><strong>Dei</strong></span> <span class='ocrx_word' id='word_1_115' title='bbox 597 1545 765 1582; x_wconf 89' lang='lat' dir='ltr'><strong>redimita</strong></span> <span class='ocrx_word' id='word_1_116' title='bbox 793 1557 926 1583; x_wconf 85' lang='lat' dir='ltr'><strong>comas.</strong></span> <span class='ocrx_word' id='word_1_117' title='bbox 1275 1547 1324 1583; x_wconf 87' lang='lat'><strong>30</strong></span> 
     </span>
    </p>

    <p class='ocr_par' dir='ltr' id='par_1_20' title="bbox 405 1598 1022 1646">
     <span class='ocr_line' id='line_1_28' title="bbox 405 1598 1022 1646; baseline -0.002 -10"><span class='ocrx_word' id='word_1_118' title='bbox 405 1599 507 1644; x_wconf 78' lang='lat' dir='ltr'><strong>Quod</strong></span> <span class='ocrx_word' id='word_1_119' title='bbox 534 1610 710 1646; x_wconf 83' lang='lat' dir='ltr'><strong>generosa</strong></span> <span class='ocrx_word' id='word_1_120' title='bbox 736 1600 855 1645; x_wconf 83' lang='lat' dir='ltr'><strong>potest</strong></span> <span class='ocrx_word' id='word_1_121' title='bbox 883 1598 1022 1645; x_wconf 83' lang='lat' dir='ltr'><strong>anima,</strong></span> 
     </span>
    </p>

    <p class='ocr_par' dir='ltr' id='par_1_21' title="bbox 353 1651 925 1699">
     <span class='ocr_line' id='line_1_29' title="bbox 353 1651 925 1699; baseline -0.002 -10"><span class='ocrx_word' id='word_1_122' title='bbox 353 1652 461 1689; x_wconf 84' lang='lat' dir='ltr'><strong>Lucis</strong></span> <span class='ocrx_word' id='word_1_123' title='bbox 489 1652 524 1688; x_wconf 92' lang='lat' dir='ltr'><strong>et</strong></span> <span class='ocrx_word' id='word_1_124' title='bbox 552 1651 708 1689; x_wconf 86' lang='lat' dir='ltr'><strong>aetheris</strong></span> <span class='ocrx_word' id='word_1_125' title='bbox 735 1651 925 1699; x_wconf 80' lang='lat' dir='ltr'><strong>indigena,</strong></span> 
     </span>
    </p>

    <p class='ocr_par' dir='ltr' id='par_1_22' title="bbox 353 1704 924 1751">
     <span class='ocr_line' id='line_1_30' title="bbox 353 1704 924 1751; baseline -0.002 -9"><span class='ocrx_word' id='word_1_126' title='bbox 353 1704 494 1742; x_wconf 80' lang='lat' dir='ltr'><strong>Solvere</strong></span> <span class='ocrx_word' id='word_1_127' title='bbox 522 1704 670 1751; x_wconf 83' lang='lat' dir='ltr'><strong>dignius</strong></span> <span class='ocrx_word' id='word_1_128' title='bbox 699 1704 924 1751; x_wconf 82' lang='lat' dir='ltr'><strong>obsequium,</strong></span> 
     </span>
    </p>

    <p class='ocr_par' dir='ltr' id='par_1_23' title="bbox 353 1757 1003 1804">
     <span class='ocr_line' id='line_1_31' title="bbox 353 1757 1003 1804; baseline 0 -10"><span class='ocrx_word' id='word_1_129' title='bbox 353 1759 469 1803; x_wconf 80' lang='lat' dir='ltr'><strong>Quam</strong></span> <span class='ocrx_word' id='word_1_130' title='bbox 498 1758 584 1794; x_wconf 82' lang='lat' dir='ltr'><strong>data</strong></span> <span class='ocrx_word' id='word_1_131' title='bbox 611 1769 762 1794; x_wconf 85' lang='lat' dir='ltr'><strong>munera</strong></span> <span class='ocrx_word' id='word_1_132' title='bbox 790 1757 821 1794; x_wconf 86' lang='lat' dir='ltr'><strong>si</strong></span> <span class='ocrx_word' id='word_1_133' title='bbox 848 1757 1003 1804; x_wconf 81' lang='lat' dir='ltr'><strong>recinat,</strong></span> 
     </span>
    </p>

    <p class='ocr_par' dir='ltr' id='par_1_24' title="bbox 352 1810 1324 1848">
     <span class='ocr_line' id='line_1_32' title="bbox 352 1810 1324 1848; baseline -0.001 -1"><span class='ocrx_word' id='word_1_134' title='bbox 352 1810 541 1848; x_wconf 86' lang='lat' dir='ltr'><strong>Artificem</strong></span> <span class='ocrx_word' id='word_1_135' title='bbox 569 1810 755 1848; x_wconf 85' lang='lat' dir='ltr'><strong>modulata</strong></span> <span class='ocrx_word' id='word_1_136' title='bbox 783 1812 918 1848; x_wconf 79' lang='lat' dir='ltr'><strong>suurn?</strong></span> <span class='ocrx_word' id='word_1_137' title='bbox 1274 1810 1324 1847; x_wconf 83' lang='lat'><strong>35</strong></span> 
     </span>
    </p>
   </div>
   <div class='ocr_carea' id='block_1_4' title="bbox 193 1937 1323 2016">
    <p class='ocr_par' dir='ltr' id='par_1_25' title="bbox 193 1937 1323 2016">
     <span class='ocr_line' id='line_1_33' title="bbox 257 1937 1323 1976; baseline 0.001 -9"><span class='ocrx_word' id='word_1_138' title='bbox 257 1937 301 1976; x_wconf 85' lang='lat'><strong>(1)</strong></span> <span class='ocrx_word' id='word_1_139' title='bbox 325 1947 416 1967; x_wconf 76' lang='lat' dir='ltr'><strong>rosae</strong></span> <span class='ocrx_word' id='word_1_140' title='bbox 436 1938 553 1975; x_wconf 70' lang='lat' dir='ltr'><strong>spolia.</strong></span> <span class='ocrx_word' id='word_1_141' title='bbox 578 1938 683 1968; x_wconf 77' lang='lat' dir='ltr'><strong>Roseis</strong></span> <span class='ocrx_word' id='word_1_142' title='bbox 705 1938 822 1967; x_wconf 81' lang='lat' dir='ltr'><strong>coronis</strong></span> <span class='ocrx_word' id='word_1_143' title='bbox 844 1938 1003 1975; x_wconf 83' lang='lat' dir='ltr'><strong>redimiti,</strong></span> <span class='ocrx_word' id='word_1_144' title='bbox 1026 1940 1058 1968; x_wconf 91' lang='lat' dir='ltr'><strong>et</strong></span> <span class='ocrx_word' id='word_1_145' title='bbox 1087 1939 1250 1975; x_wconf 81' lang='lat' dir='ltr'><strong>unguentis</strong></span> <span class='ocrx_word' id='word_1_146' title='bbox 1273 1939 1323 1968; x_wconf 83' lang='lat' dir='ltr'><strong>de-</strong></span> 
     </span>
     <span class='ocr_line' id='line_1_34' title="bbox 193 1978 991 2016; baseline 0.001 -9"><span class='ocrx_word' id='word_1_147' title='bbox 193 1978 298 2014; x_wconf 78' lang='lat' dir='ltr'><strong>libuti,</strong></span> <span class='ocrx_word' id='word_1_148' title='bbox 322 1979 418 2016; x_wconf 83' lang='lat' dir='ltr'><strong>epulis</strong></span> <span class='ocrx_word' id='word_1_149' title='bbox 440 1980 660 2009; x_wconf 72' lang='lat' dir='ltr'><strong>accumbebant</strong></span> <span class='ocrx_word' id='word_1_150' title='bbox 681 1980 827 2009; x_wconf 76' lang='lat' dir='ltr'><strong>lautiores</strong></span> <span class='ocrx_word' id='word_1_151' title='bbox 849 1980 991 2009; x_wconf 82' lang='lat' dir='ltr'><strong>Romani.</strong></span> 
     </span>
    </p>
   </div>
   <div class='ocr_carea' id='block_1_5' title="bbox 195 2036 1323 2116">
    <p class='ocr_par' dir='ltr' id='par_1_26' title="bbox 195 2036 1323 2116">
     <span class='ocr_line' id='line_1_35' title="bbox 195 2036 1323 2108; baseline 0.003 -43"><span class='ocrx_word' id='word_1_152' title='bbox 195 2077 222 2106; x_wconf 80' lang='lat' dir='ltr'><em>L</em></span> <span class='ocrx_word' id='word_1_153' title='bbox 258 2036 301 2084; x_wconf 54' lang='grc' dir='ltr'><strong>(ξ)</strong></span> <span class='ocrx_word' id='word_1_154' title='bbox 326 2037 571 2108; x_wconf 36' lang='grc' dir='ltr'><strong>ξοϋῖῡοῖἒεάρῐει</strong></span> <span class='ocrx_word' id='word_1_155' title='bbox 596 2039 689 2076; x_wconf 80' lang='lat' dir='ltr'><strong>eaput</strong></span> <span class='ocrx_word' id='word_1_156' title='bbox 721 2039 873 2068; x_wconf 82' lang='lat' dir='ltr'><strong>ornabant</strong></span> <span class='ocrx_word' id='word_1_157' title='bbox 905 2038 1025 2068; x_wconf 78' lang='lat' dir='ltr'><strong>Baccho</strong></span> <span class='ocrx_word' id='word_1_158' title='bbox 1054 2047 1154 2068; x_wconf 78' lang='lat' dir='ltr'><strong>saera.</strong></span> <span class='ocrx_word' id='word_1_159' title='bbox 1179 2038 1216 2069; x_wconf 91' lang='lat' dir='ltr'><strong>V.</strong></span> <span class='ocrx_word' id='word_1_160' title='bbox 1240 2038 1323 2069; x_wconf 74' lang='lat' dir='ltr'><strong>Hon.</strong></span> 
     </span>
     <span class='ocr_line' id='line_1_36' title="bbox 224 2082 487 2116; baseline 0.004 -9"><span class='ocrx_word' id='word_1_161' title='bbox 224 2088 307 2116; x_wconf 70' lang='lat' dir='ltr'><strong>ymo.</strong></span> <span class='ocrx_word' id='word_1_162' title='bbox 349 2101 356 2114; x_wconf 87' lang='lat'>‚</span> <span class='ocrx_word' id='word_1_163' title='bbox 405 2101 412 2114; x_wconf 92' lang='lat'>‚</span> <span class='ocrx_word' id='word_1_164' title='bbox 435 2082 452 2107; x_wconf 67' lang='lat' dir='ltr'>L</span> <span class='ocrx_word' id='word_1_165' title='bbox 479 2100 487 2108; x_wconf 83' lang='lat'><em>.</em></span> 
     </span>
    </p>
   </div>
  </div>
 </body>
</html>
