1450 2537
191 143 264 181 124

565 151 714 178 AVRELII
742 149 938 177 PRVDENTII

345 268 491 312 Nonne,
523 267 721 310 VrnanT1‚
752 264 895 311 peregri
923 264 1111 301 neeandus
1146 263 1205 311 (1)

293 322 447 368 Martyr,
479 319 537 357 his
565 319 671 356 torris
699 318 801 355 tenui
831 317 967 354 notasti
999 320 1056 364 (2)
1263 317 1312 354 90

292 373 494 420 Sanguinis
522 384 599 409 rore
629 371 784 418 speciem
811 370 926 408 futuri

611 425 727 461 Morte
755 423 986 471 propinqua?

347 480 426 516 Hoc
455 478 580 515 colunt
608 477 720 522 cives,
751 476 852 514 velut
879 476 961 523 ipsa
989 477 1150 512 inoinbra

294 534 450 579 Caespes
478 531 644 568 includat
671 541 774 576 suus,
806 531 841 567 et
869 531 1022 576 paterno

293 587 416 623 Sorvot
445 585 668 631 amplectens
695 583 836 621 tumulo
864 582 962 620 beati
1079 620 1083 625 ,
1267 583 1314 619 95

613 636 788 684 Martyris
817 647 913 673 ossa.

347 692 481 729 Noster
500 691 569 736 ost,
587 690 754 736 quamvis
773 689 898 736 procul
918 688 1004 726 hinc
1026 689 1061 725 in
1084 689 1169 725 urbe

296 746 432 782 Passus
462 744 589 791 ignota
619 743 757 780 dederit
785 742 940 789 sepulcri

295 798 455 835 Gloriam
486 796 615 842 victor,
645 807 754 843 prope
784 795 873 833 litus
902 795 997 832 altae

613 849 719 887 Forte
748 848 916 896 Sagunti.
943 849 1000 896 (3)
1241 847 1316 885 100

348 904 480 941 Noster
509 904 545 939 et
573 904 700 939 nostra
719 914 807 949 puer
835 902 874 939 in
902 902 1101 949 palaestra.

297 959 385 994 Arte
413 957 560 994 virtutis
589 956 742 1003 fideique
772 955 867 992 olivo

296 1011 453 1056 Unctus,
484 1010 704 1047 horrendum
733 1008 861 1045 didicit
889 1008 1034 1045 domare

614 1062 765 1101 Viribus
792 1062 946 1099 hostem.

349 1117 513 1154 Noverat
541 1116 675 1163 templo
703 1115 860 1153 celebres
888 1114 927 1151 in
956 1114 1026 1152 isto
1243 1113 1317 1151 105

297 1170 419 1208 Octies
446 1170 573 1216 partas
601 1169 788 1216 deciesque
818 1167 977 1215 palmas,

296 1222 447 1261 Laureis
475 1223 602 1260 doctus
631 1222 761 1269 patriis
789 1221 914 1258 eadem

614 1275 737 1313 Laude
765 1274 938 1312 cucurrit.

332 1329 404 1366 Hic
432 1330 481 1374 et,
512 1329 695 1374 Enanzm,
725 1328 904 1365 recubant
930 1329 1075 1364 tuarum
1108 1327 1167 1375 (4)
1314 1372 1316 1374 q

299 1381 393 1419 Ossa
420 1381 620 1418 virtutum:
653 1381 785 1428 quibus
814 1381 950 1417 efferati
1241 1379 1318 1416 110

298 1435 472 1482 Spiritum
500 1434 627 1471 mundi
655 1434 817 1471 violenta
844 1434 959 1482 Virgo
989 1434 1047 1482 (ὃ)

616 1486 865 1525 Dedecorasti.

257 1575 301 1613 (1)
319 1577 451 1614 peram-i
466 1598 473 1611 ,
497 1574 685 1619 ἀρχαϊκῶς,
704 1574 783 1603 idem
809 1574 887 1610 quod
901 1582 1042 1612 peregre;
1063 1574 1118 1604 hoc
1135 1575 1236 1603 tamen
1252 1582 1318 1603 eum

193 1623 382 1657 discrimine,
400 1623 472 1659 quia
488 1632 622 1661 pere-cyre
637 1622 767 1651 inservit
781 1624 813 1650 et-
833 1621 931 1650 statui
947 1622 978 1651 in
994 1622 1070 1658 loeo,
1094 1622 1126 1651 et
1140 1621 1254 1651 motui:
1267 1631 1319 1659 pe-

193 1666 281 1703 φαμὶ-ι’
302 1665 424 1694 tantum
446 1664 556 1694 statui.
579 1664 615 1694 V.
633 1663 752 1693 Charis
775 1663 817 1698 ΙΙ,
841 1672 871 1700 p.
897 1663 966 1694 189.
984 1664 1120 1701 Pereyre
1140 1667 1244 1693 tamen
1261 1663 1320 1702 ple-

194 1707 279 1742 rique
299 1706 420 1741 legunt;
449 1706 624 1735 Vincentius
656 1705 737 1734 enim
763 1705 948 1741 martyrium
973 1704 1049 1734 fecit
1074 1704 1246 1742 Valentiae,
1273 1704 1321 1734 uti

194 1757 263 1776 mox
286 1757 314 1777 v.
341 1748 415 1781 10ος
440 1748 472 1776 et
493 1748 622 1784 apparet
643 1755 680 1776 ex
702 1747 793 1775 Actis
815 1745 1044 1775 Ruinartianis.

259 1789 302 1826 (2)
325 1789 413 1817 tenui
434 1789 610 1826 sanyuinis
625 1797 707 1818 rore.
724 1788 758 1817 In
775 1787 879 1825 patria
904 1787 1027 1817 videtur
1040 1795 1094 1824 pro
1120 1786 1242 1817 Christo
1257 1787 1320 1816 iam

194 1830 272 1859 male
295 1830 444 1859 mulcatus
466 1839 540 1860 esse.

259 1872 302 1909 (3)
325 1872 447 1901 altae...
472 1872 623 1908 Safflmti.
647 1870 816 1906 Saguntum
834 1870 902 1898 urbs
918 1870 956 1898 ab
968 1869 1096 1899 Hercule
1111 1868 1320 1905 inaedificata,

195 1913 233 1941 ab
254 1912 427 1942 Hannibale
449 1913 560 1948 excisa,
589 1912 653 1941 fuit
682 1912 765 1940 ultra
786 1911 905 1940 Iberum
934 1919 1024 1949 prope
1052 1910 1244 1947 Valentiam,
1268 1910 1321 1940 ubi

196 1955 226 1984 S.
251 1954 429 1983 Vincentius
451 1954 600 1991 martyrio
623 1954 721 1982 vitam
743 1953 894 1990 implevit.

259 1996 303 2033 (4)
326 1996 474 2025 Ειιοναιί.
497 1995 531 2024 In
555 1994 716 2032 Martyrol.
732 1995 789 2024 va
814 1994 872 2024 cal.
889 1994 988 2023 Maias
1014 1993 1146 2029 legitur:
1163 2004 1181 2022 κ
1197 1993 1320 2024 Ibidem

199 2036 480 2075 (Caesaraugustae)
504 2036 534 2067 S.
558 2036 735 2066 Eucratidis
757 2036 841 2072 virg.
864 2036 897 2065 et
917 2035 1011 2066 Mart.
1035 2045 1053 2062 >›

261 2078 304 2116 (5)
327 2078 463 2108 violenta
484 2079 591 2116 Vir-90.
609 2077 776 2116 Epitheton
799 2077 935 2107 violenta
958 2077 989 2106 in
1014 2077 1148 2107 mentem
1173 2076 1261 2107 nobis
1275 2084 1321 2106 ru-
