1450 2537
1245 2 1258 10 ·-
1271 0 1450 40 353⁴*ff'20

229 166 279 204 20
609 175 757 202 AVRELu
786 173 983 201 PRVDENTH

440 290 512 336 Da,
542 287 703 336 locuples
731 288 843 333 Deus,
874 286 942 324 hoc
970 285 1120 324 famulis

388 342 471 380 Rite
499 342 745 389 precantibus,
777 342 818 378 ut
844 339 947 377 tenui

388 397 552 433 Membra
579 394 659 432 cibo
687 394 847 431 recreata
875 393 1019 438 levent3

390 449 471 486 Neu
499 448 602 495 pIger
630 446 831 484 immodicis
861 445 1014 492 dapibus

391 502 540 539 Viscera
567 502 670 537 tenta
698 500 826 547 gravet
853 498 1076 536 stomachus.
1258 498 1358 537 ‘175

445 555 610 591 Haustus
639 564 786 589 amarus
813 552 937 589 abesto
965 552 1090 598 procul
1121 551 1206 602 (1):

391 608 446 644 No
474 607 589 643 hbeat
615 605 780 653 tetigisse
808 616 921 642 manu

393 659 548 697 Exitialo
577 658 679 706 quid,
710 659 775 695 aut
802 658 976 703 vetitum;

392 714 529 751 Gustus
557 714 593 749 et
621 712 696 759 ipse
725 711 871 749 modum
898 711 1037 757 teneat,

393 766 549 812 Sospitet
575 766 617 801 ut
643 765 741 802 iecur
768 763 961 802 incolume.
1284 765 1359 804 180

444 818 498 855 Sit
525 818 616 854 satis
644 817 828 865 anguibus
855 816 1050 863 horrificis,

392 871 484 909 Liba
512 871 607 918 quod
630 870 746 917 impia
774 869 983 917 corporibus
1015 870 1073 918 (2)

393 925 475 961 Ah!
506 923 676 961 miseram
703 934 870 970 peperero
898 934 1044 961 necem·

392 977 554 1015 Sufficiat
582 976 691 1014 semel
719 976 764 1013 ob
792 975 941 1014 facinus

395 1030 543 1067 Plasma
572 1030 639 1067 Dei
666 1029 826 1076 potuisse
853 1028 959 1066 mori.
1286 1029 1361 1068 185

447 1083 530 1121 Oris
558 1093 662 1130 opus,
694 1082 797 1130 vigor
824 1081 993 1130 igneolus
1023 1081 1082 1131 (3)

394 1137 479 1173 Non
508 1136 673 1182 moritur,
704 1134 791 1182 quia
819 1135 932 1172 flante
960 1135 1036 1173 Deo

395 1189 636 1236 Compositus,
668 1199 867 1236 superoque
894 1188 1012 1226 fluens

394 1243 446 1279 De
475 1242 564 1279 solio
592 1241 715 1279 Patris
743 1241 910 1287 artificis,

396 1295 479 1332 Vim
507 1294 666 1342 liquidae
693 1294 849 1332 rationis
875 1294 999 1333 habet.
1289 1294 1365 1333 190

448 1348 598 1385 Viscera
625 1349 768 1385 mortua
796 1347 886 1395 quin
914 1347 1025 1385 etiam

396 1401 484 1438 Post
512 1401 648 1438 obitum
675 1411 843 1447 reparare
871 1400 999 1447 datur,

395 1455 496 1501 Eque
525 1454 601 1492 suis
630 1453 760 1491 iterum
787 1453 940 1491 tumulis

394 1507 521 1544 Prisca
548 1506 752 1544 renascitur
778 1506 930 1555 effigies,

396 1560 570 1597 Pulvereo
599 1561 749 1598 coeunte
778 1560 865 1598 situ.
1288 1559 1365 1599 195

449 1613 561 1651 Credo
589 1613 769 1661 equidem,
800 1624 916 1660 neque
943 1624 1041 1650 vana
1068 1613 1174 1661 fides,

397 1667 554 1713 Corpora
581 1666 701 1704 vivere
729 1676 826 1703 more
855 1665 999 1703 animae
1029 1666 1114 1715 (4):

396 1720 494 1757 Nam
523 1719 628 1757 modo
656 1730 866 1766 corporeum
892 1719 1042 1758 memini

301 1843 345 1880 [1)
362 1843 511 1872 Haustus
523 1852 671 1878 amarus,
681 1842 798 1879 quinos
809 1842 1017 1872 amaritudine
1030 1842 1061 1871 in
1074 1842 1225 1872 ebriet-ate
1238 1843 1367 1872 afficiat.

302 1890 346 1927 (2)
369 1890 497 1919 Libum.
521 1889 598 1927 Quid
616 1889 660 1919 sit
675 1889 789 1924 libum,
807 1897 926 1925 quaque
940 1890 1060 1919 ratione
1076 1889 1256 1919 conficiatur
1273 1889 1371 1919 tradit

237 1930 312 1960 Cato
335 1932 381 1960 De
402 1931 448 1960 Re
470 1932 566 1960 Rust.
581 1932 636 1965 75;
662 1930 688 1960 A
711 1930 842 1960 libando
865 1930 994 1966 dictum,
1012 1931 1085 1966 quia
1106 1931 1288 1968 praecipuus
1304 1931 1370 1960 eius

239 1980 308 2001 usus
330 1973 360 2001 in
382 1972 477 2001 saeris
492 1972 563 2002 fuit.
582 1972 631 2008 (V.
657 1972 766 2001 VARRO
785 1972 845 2008 Ibi,
864 1972 907 2008 Π,
925 1972 969 2010 8).
990 1972 1049 2001 Pro
1072 1972 1181 2008 quovis
1197 1972 1277 2002 cibo.

301 2019 345 2055 (3)
369 2028 460 2057 opus.
485 2018 552 2049 Oris
574 2019 674 2048 divini
689 2027 762 2056 opus
778 2019 882 2048 anima
904 2020 951 2049 est
972 2027 991 2048 a
1013 2018 1073 2048 Deo
1089 2019 1120 2047 in
1135 2027 1243 2057 corpus
1260 2019 1367 2049 huma-

238 2068 309 2088 num
332 2061 451 2090 inflata.

302 2106 346 2144 (4)
371 2108 472 2136 vivere
494 2106 598 2143 enall.⁹
621 2115 674 2145 pro
696 2115 730 2137 eo
754 2106 832 2144 quod
852 2107 912 2139 est.
934 2107 1100 2137 revictum
1121 2115 1196 2137 esse.
