<?xml version="1.0" encoding="UTF-8"?>
<!DOCTYPE html PUBLIC "-//W3C//DTD XHTML 1.0 Transitional//EN"
    "http://www.w3.org/TR/xhtml1/DTD/xhtml1-transitional.dtd">
<html xmlns="http://www.w3.org/1999/xhtml" xml:lang="en" lang="en">
 <head>
  <title>
</title>
<meta http-equiv="Content-Type" content="text/html;charset=utf-8" />
  <meta name='ocr-system' content='tesseract 3.04.00' />
  <meta name='ocr-capabilities' content='ocr_page ocr_carea ocr_par ocr_line ocrx_word'/>
</head>
<body>
  <div class='ocr_page' id='page_1' title='image "./operapru01pruduoft_0133.png"; bbox 0 0 1502 2537; ppageno 0'>
   <div class='ocr_carea' id='block_1_1' title="bbox 0 0 279 471">
    <p class='ocr_par' dir='ltr' id='par_1_1' title="bbox 0 0 279 471">
     <span class='ocr_line' id='line_1_1' title="bbox 0 0 279 471; baseline 0 2066"><span class='ocrx_word' id='word_1_1' title='bbox 0 0 279 471; x_wconf 95' lang='lat' dir='ltr'> </span> 
     </span>
    </p>
   </div>
   <div class='ocr_carea' id='block_1_2' title="bbox 406 148 1038 184">
    <p class='ocr_par' dir='ltr' id='par_1_2' title="bbox 406 148 1038 184">
     <span class='ocr_line' id='line_1_2' title="bbox 406 148 1038 184; baseline 0.002 -1"><span class='ocrx_word' id='word_1_2' title='bbox 406 148 516 184; x_wconf 73' lang='grc' dir='ltr'>ΠΕΡΙ</span> <span class='ocrx_word' id='word_1_3' title='bbox 544 148 800 184; x_wconf 59' lang='lat' dir='ltr'>mmmm*</span> <span class='ocrx_word' id='word_1_4' title='bbox 832 156 982 184; x_wconf 74' lang='lat' dir='ltr'>uumvs</span> <span class='ocrx_word' id='word_1_5' title='bbox 1011 157 1038 184; x_wconf 88' lang='lat'>11</span> 
     </span>
    </p>
   </div>
   <div class='ocr_carea' id='block_1_3' title="bbox 316 270 1055 1754">
    <p class='ocr_par' dir='ltr' id='par_1_3' title="bbox 316 270 828 425">
     <span class='ocr_line' id='line_1_3' title="bbox 367 270 828 318; baseline -0.002 -9"><span class='ocrx_word' id='word_1_6' title='bbox 367 271 473 309; x_wconf 79' lang='lat' dir='ltr'>Tales</span> <span class='ocrx_word' id='word_1_7' title='bbox 501 271 632 318; x_wconf 75' lang='lat' dir='ltr'>plateis</span> <span class='ocrx_word' id='word_1_8' title='bbox 660 270 828 308; x_wconf 85' lang='lat' dir='ltr'>omnibus</span> 
     </span>
     <span class='ocr_line' id='line_1_4' title="bbox 319 324 776 372; baseline -0.002 -10"><span class='ocrx_word' id='word_1_9' title='bbox 319 324 499 372; x_wconf 79' lang='lat' dir='ltr'>Exquirit,</span> <span class='ocrx_word' id='word_1_10' title='bbox 529 325 698 363; x_wconf 84' lang='lat' dir='ltr'>adsuetos</span> <span class='ocrx_word' id='word_1_11' title='bbox 726 324 776 361; x_wconf 84' lang='lat' dir='ltr'>ali</span> 
     </span>
     <span class='ocr_line' id='line_1_5' title="bbox 316 376 794 425; baseline -0.002 -10"><span class='ocrx_word' id='word_1_12' title='bbox 316 376 501 415; x_wconf 83' lang='lat' dir='ltr'>Ecclesiae</span> <span class='ocrx_word' id='word_1_13' title='bbox 530 377 657 415; x_wconf 84' lang='lat' dir='ltr'>matris</span> <span class='ocrx_word' id='word_1_14' title='bbox 683 388 794 425; x_wconf 82' lang='lat' dir='ltr'>penu,</span> 
     </span>
    </p>

    <p class='ocr_par' dir='ltr' id='par_1_4' title="bbox 317 429 974 479">
     <span class='ocr_line' id='line_1_6' title="bbox 317 429 974 479; baseline -0.003 -11"><span class='ocrx_word' id='word_1_15' title='bbox 317 431 413 476; x_wconf 86' lang='lat' dir='ltr'>Quos</span> <span class='ocrx_word' id='word_1_16' title='bbox 441 430 518 478; x_wconf 88' lang='lat' dir='ltr'>ipse</span> <span class='ocrx_word' id='word_1_17' title='bbox 545 441 691 479; x_wconf 75' lang='lat' dir='ltr'>promus</span> <span class='ocrx_word' id='word_1_18' title='bbox 721 429 781 479; x_wconf 92' lang='lat'>(1)</span> <span class='ocrx_word' id='word_1_19' title='bbox 811 431 974 468; x_wconf 89' lang='lat' dir='ltr'>noverat.</span> 
     </span>
    </p>

    <p class='ocr_par' dir='ltr' id='par_1_5' title="bbox 316 483 962 691">
     <span class='ocr_line' id='line_1_7' title="bbox 367 483 862 531; baseline -0.002 -9"><span class='ocrx_word' id='word_1_20' title='bbox 367 484 546 522; x_wconf 83' lang='lat' dir='ltr'>Recenset</span> <span class='ocrx_word' id='word_1_21' title='bbox 570 483 654 521; x_wconf 83' lang='lat' dir='ltr'>exin</span> <span class='ocrx_word' id='word_1_22' title='bbox 681 483 862 531; x_wconf 83' lang='lat' dir='ltr'>singulos,</span> 
     </span>
     <span class='ocr_line' id='line_1_8' title="bbox 316 536 847 582; baseline -0.004 -7"><span class='ocrx_word' id='word_1_23' title='bbox 316 537 484 575; x_wconf 86' lang='lat' dir='ltr'>Scribens</span> <span class='ocrx_word' id='word_1_24' title='bbox 511 536 649 574; x_wconf 84' lang='lat' dir='ltr'>viritim</span> <span class='ocrx_word' id='word_1_25' title='bbox 676 537 847 582; x_wconf 82' lang='lat' dir='ltr'>nomina3</span> 
     </span>
     <span class='ocr_line' id='line_1_9' title="bbox 317 589 822 638; baseline -0.004 -10"><span class='ocrx_word' id='word_1_26' title='bbox 317 591 444 638; x_wconf 86' lang='lat' dir='ltr'>Longo</span> <span class='ocrx_word' id='word_1_27' title='bbox 471 591 508 628; x_wconf 85' lang='lat' dir='ltr'>et</span> <span class='ocrx_word' id='word_1_28' title='bbox 533 589 671 628; x_wconf 82' lang='lat' dir='ltr'>locatos</span> <span class='ocrx_word' id='word_1_29' title='bbox 697 590 822 628; x_wconf 80' lang='lat' dir='ltr'>ordine</span> 
     </span>
     <span class='ocr_line' id='line_1_10' title="bbox 317 642 962 691; baseline -0.003 -10"><span class='ocrx_word' id='word_1_30' title='bbox 317 643 475 681; x_wconf 84' lang='lat' dir='ltr'>Adstare</span> <span class='ocrx_word' id='word_1_31' title='bbox 506 653 570 691; x_wconf 91' lang='lat' dir='ltr'>pro</span> <span class='ocrx_word' id='word_1_32' title='bbox 596 642 732 690; x_wconf 86' lang='lat' dir='ltr'>templo</span> <span class='ocrx_word' id='word_1_33' title='bbox 762 642 820 691; x_wconf 80' lang='lat'>(2)</span> <span class='ocrx_word' id='word_1_34' title='bbox 850 642 962 679; x_wconf 61' lang='lat' dir='ltr'>iubet.</span> 
     </span>
    </p>

    <p class='ocr_par' dir='ltr' id='par_1_6' title="bbox 318 695 968 849">
     <span class='ocr_line' id='line_1_11' title="bbox 371 695 968 743; baseline -0.003 -9"><span class='ocrx_word' id='word_1_35' title='bbox 371 695 622 743; x_wconf 84' lang='lat' dir='ltr'>Praescriptus</span> <span class='ocrx_word' id='word_1_36' title='bbox 649 697 686 733; x_wconf 89' lang='lat' dir='ltr'>et</span> <span class='ocrx_word' id='word_1_37' title='bbox 712 696 785 733; x_wconf 89' lang='lat' dir='ltr'>iam</span> <span class='ocrx_word' id='word_1_38' title='bbox 814 695 968 733; x_wconf 76' lang='lat' dir='ltr'>fluxerat</span> 
     </span>
     <span class='ocr_line' id='line_1_12' title="bbox 318 748 766 788; baseline -0.002 -1"><span class='ocrx_word' id='word_1_39' title='bbox 318 750 427 788; x_wconf 83' lang='lat' dir='ltr'>Dies:</span> <span class='ocrx_word' id='word_1_40' title='bbox 458 748 602 787; x_wconf 83' lang='lat' dir='ltr'>furebat</span> <span class='ocrx_word' id='word_1_41' title='bbox 625 748 766 786; x_wconf 83' lang='lat' dir='ltr'>fervido</span> 
     </span>
     <span class='ocr_line' id='line_1_13' title="bbox 318 801 765 849; baseline -0.007 -8"><span class='ocrx_word' id='word_1_42' title='bbox 318 803 432 841; x_wconf 83' lang='lat' dir='ltr'>Iudex</span> <span class='ocrx_word' id='word_1_43' title='bbox 459 813 592 840; x_wconf 87' lang='lat' dir='ltr'>avarus</span> <span class='ocrx_word' id='word_1_44' title='bbox 620 801 765 849; x_wconf 89' lang='lat' dir='ltr'>spiritu,</span> 
     </span>
    </p>

    <p class='ocr_par' dir='ltr' id='par_1_7' title="bbox 319 854 870 902">
     <span class='ocr_line' id='line_1_14' title="bbox 319 854 870 902; baseline -0.005 -8"><span class='ocrx_word' id='word_1_45' title='bbox 319 856 505 894; x_wconf 83' lang='lat' dir='ltr'>Promissa</span> <span class='ocrx_word' id='word_1_46' title='bbox 531 855 623 894; x_wconf 85' lang='lat' dir='ltr'>solvi</span> <span class='ocrx_word' id='word_1_47' title='bbox 651 854 870 902; x_wconf 82' lang='lat' dir='ltr'>efflagitans.</span> 
     </span>
    </p>

    <p class='ocr_par' dir='ltr' id='par_1_8' title="bbox 318 907 1055 1106">
     <span class='ocr_line' id='line_1_15' title="bbox 368 907 1055 956; baseline -0.004 -9"><span class='ocrx_word' id='word_1_48' title='bbox 368 909 462 947; x_wconf 85' lang='lat' dir='ltr'>Tum</span> <span class='ocrx_word' id='word_1_49' title='bbox 487 909 647 956; x_wconf 79' lang='lat' dir='ltr'><strong>martyr:</strong></span> <span class='ocrx_word' id='word_1_50' title='bbox 681 921 703 943; x_wconf 92' lang='lat'>‹&lt;</span> <span class='ocrx_word' id='word_1_51' title='bbox 733 908 905 946; x_wconf 86' lang='lat' dir='ltr'>Adsistas</span> <span class='ocrx_word' id='word_1_52' title='bbox 932 907 1055 953; x_wconf 84' lang='lat' dir='ltr'>velim,</span> 
     </span>
     <span class='ocr_line' id='line_1_16' title="bbox 318 960 929 1010; baseline -0.003 -10"><span class='ocrx_word' id='word_1_53' title='bbox 318 962 516 1010; x_wconf 83' lang='lat' dir='ltr'>Coramque</span> <span class='ocrx_word' id='word_1_54' title='bbox 545 960 727 1008; x_wconf 79' lang='lat' dir='ltr'>dispostas</span> <span class='ocrx_word' id='word_1_55' title='bbox 756 960 815 1009; x_wconf 88' lang='lat'>(3)</span> <span class='ocrx_word' id='word_1_56' title='bbox 845 972 929 1008; x_wconf 87' lang='lat' dir='ltr'>opes</span> 
     </span>
     <span class='ocr_line' id='line_1_17' title="bbox 318 1015 862 1063; baseline -0.004 -10"><span class='ocrx_word' id='word_1_57' title='bbox 318 1015 463 1061; x_wconf 86' lang='lat' dir='ltr'>Mirere,</span> <span class='ocrx_word' id='word_1_58' title='bbox 493 1025 586 1063; x_wconf 87' lang='lat' dir='ltr'>quas</span> <span class='ocrx_word' id='word_1_59' title='bbox 613 1016 736 1051; x_wconf 79' lang='lat' dir='ltr'>noster</span> <span class='ocrx_word' id='word_1_60' title='bbox 763 1015 862 1052; x_wconf 89' lang='lat' dir='ltr'>Deus</span> 
     </span>
     <span class='ocr_line' id='line_1_18' title="bbox 320 1067 902 1106; baseline -0.003 0"><span class='ocrx_word' id='word_1_61' title='bbox 320 1067 517 1106; x_wconf 87' lang='lat' dir='ltr'>Praedives</span> <span class='ocrx_word' id='word_1_62' title='bbox 544 1067 584 1105; x_wconf 91' lang='lat' dir='ltr'>in</span> <span class='ocrx_word' id='word_1_63' title='bbox 611 1067 751 1105; x_wconf 86' lang='lat' dir='ltr'>sanctis</span> <span class='ocrx_word' id='word_1_64' title='bbox 779 1067 902 1104; x_wconf 85' lang='lat' dir='ltr'>habet.</span> 
     </span>
    </p>

    <p class='ocr_par' dir='ltr' id='par_1_9' title="bbox 320 1120 842 1224">
     <span class='ocr_line' id='line_1_19' title="bbox 371 1120 842 1169; baseline -0.006 -9"><span class='ocrx_word' id='word_1_65' title='bbox 371 1121 522 1160; x_wconf 86' lang='lat' dir='ltr'>Videbis</span> <span class='ocrx_word' id='word_1_66' title='bbox 548 1120 680 1169; x_wconf 88' lang='lat' dir='ltr'>ingens</span> <span class='ocrx_word' id='word_1_67' title='bbox 708 1120 842 1158; x_wconf 87' lang='lat' dir='ltr'>atrium</span> 
     </span>
     <span class='ocr_line' id='line_1_20' title="bbox 320 1173 762 1224; baseline -0.007 -11"><span class='ocrx_word' id='word_1_68' title='bbox 320 1175 473 1224; x_wconf 81' lang='lat' dir='ltr'>Fulgore</span> <span class='ocrx_word' id='word_1_69' title='bbox 500 1173 601 1212; x_wconf 86' lang='lat' dir='ltr'>vasis</span> <span class='ocrx_word' id='word_1_70' title='bbox 629 1173 762 1219; x_wconf 81' lang='lat' dir='ltr'>aureis,</span> 
     </span>
    </p>

    <p class='ocr_par' dir='ltr' id='par_1_10' title="bbox 320 1227 986 1328">
     <span class='ocr_line' id='line_1_21' title="bbox 320 1227 838 1276; baseline -0.004 -10"><span class='ocrx_word' id='word_1_71' title='bbox 320 1229 368 1266; x_wconf 85' lang='lat' dir='ltr'>Et</span> <span class='ocrx_word' id='word_1_72' title='bbox 393 1239 458 1276; x_wconf 88' lang='lat' dir='ltr'>per</span> <span class='ocrx_word' id='word_1_73' title='bbox 483 1228 650 1275; x_wconf 86' lang='lat' dir='ltr'>patentes</span> <span class='ocrx_word' id='word_1_74' title='bbox 676 1227 838 1274; x_wconf 75' lang='lat' dir='ltr'>porticus</span> 
     </span>
     <span class='ocr_line' id='line_1_22' title="bbox 320 1279 986 1328; baseline -0.008 -8"><span class='ocrx_word' id='word_1_75' title='bbox 320 1282 483 1320; x_wconf 84' lang='lat' dir='ltr'>Structos</span> <span class='ocrx_word' id='word_1_76' title='bbox 507 1280 658 1319; x_wconf 80' lang='lat' dir='ltr'>talentis</span> <span class='ocrx_word' id='word_1_77' title='bbox 685 1280 829 1317; x_wconf 85' lang='lat' dir='ltr'>ordines</span> <span class='ocrx_word' id='word_1_78' title='bbox 859 1279 932 1328; x_wconf 89' lang='lat'>(4).</span> <span class='ocrx_word' id='word_1_79' title='bbox 963 1291 986 1314; x_wconf 79' lang='lat'><strong>»</strong></span> 
     </span>
    </p>

    <p class='ocr_par' dir='ltr' id='par_1_11' title="bbox 319 1333 961 1532">
     <span class='ocr_line' id='line_1_23' title="bbox 371 1333 889 1382; baseline -0.008 -9"><span class='ocrx_word' id='word_1_80' title='bbox 371 1335 411 1373; x_wconf 88' lang='lat' dir='ltr'>It</span> <span class='ocrx_word' id='word_1_81' title='bbox 435 1334 512 1381; x_wconf 87' lang='lat' dir='ltr'>ille,</span> <span class='ocrx_word' id='word_1_82' title='bbox 541 1344 608 1371; x_wconf 83' lang='lat' dir='ltr'>neo</span> <span class='ocrx_word' id='word_1_83' title='bbox 635 1333 747 1382; x_wconf 86' lang='lat' dir='ltr'>pudet</span> <span class='ocrx_word' id='word_1_84' title='bbox 774 1333 889 1380; x_wconf 85' lang='lat' dir='ltr'>sequi.</span> 
     </span>
     <span class='ocr_line' id='line_1_24' title="bbox 319 1386 961 1426; baseline -0.006 0"><span class='ocrx_word' id='word_1_85' title='bbox 319 1388 481 1426; x_wconf 85' lang='lat' dir='ltr'>Ventum</span> <span class='ocrx_word' id='word_1_86' title='bbox 507 1387 556 1424; x_wconf 90' lang='lat' dir='ltr'>ad</span> <span class='ocrx_word' id='word_1_87' title='bbox 581 1388 763 1425; x_wconf 79' lang='lat' dir='ltr'>sacratam</span> <span class='ocrx_word' id='word_1_88' title='bbox 790 1386 961 1423; x_wconf 89' lang='lat' dir='ltr'>ianuam:</span> 
     </span>
     <span class='ocr_line' id='line_1_25' title="bbox 320 1441 906 1486; baseline -0.005 -7"><span class='ocrx_word' id='word_1_89' title='bbox 320 1441 476 1479; x_wconf 75' lang='lat' dir='ltr'>Stabant</span> <span class='ocrx_word' id='word_1_90' title='bbox 501 1441 667 1478; x_wconf 81' lang='lat' dir='ltr'>catervae</span> <span class='ocrx_word' id='word_1_91' title='bbox 694 1450 906 1486; x_wconf 86' lang='lat' dir='ltr'>pauperum,</span> 
     </span>
     <span class='ocr_line' id='line_1_26' title="bbox 321 1493 784 1532; baseline -0.006 0"><span class='ocrx_word' id='word_1_92' title='bbox 321 1493 470 1532; x_wconf 84' lang='lat' dir='ltr'>Inculta</span> <span class='ocrx_word' id='word_1_93' title='bbox 495 1493 578 1531; x_wconf 85' lang='lat' dir='ltr'>visu</span> <span class='ocrx_word' id='word_1_94' title='bbox 604 1493 784 1531; x_wconf 83' lang='lat' dir='ltr'>examina.</span> 
     </span>
    </p>

    <p class='ocr_par' dir='ltr' id='par_1_12' title="bbox 323 1544 1017 1754">
     <span class='ocr_line' id='line_1_27' title="bbox 374 1544 1017 1595; baseline -0.008 -9"><span class='ocrx_word' id='word_1_95' title='bbox 374 1548 514 1595; x_wconf 86' lang='lat' dir='ltr'>Fragor</span> <span class='ocrx_word' id='word_1_96' title='bbox 540 1548 736 1595; x_wconf 83' lang='lat' dir='ltr'>rogantum</span> <span class='ocrx_word' id='word_1_97' title='bbox 766 1546 824 1594; x_wconf 88' lang='lat'>(5)</span> <span class='ocrx_word' id='word_1_98' title='bbox 853 1544 1017 1582; x_wconf 83' lang='lat' dir='ltr'>tollitur:</span> 
     </span>
     <span class='ocr_line' id='line_1_28' title="bbox 323 1599 929 1645; baseline -0.007 -6"><span class='ocrx_word' id='word_1_99' title='bbox 323 1600 535 1639; x_wconf 76' lang='lat' dir='ltr'>Praefectus</span> <span class='ocrx_word' id='word_1_100' title='bbox 561 1599 738 1638; x_wconf 78' lang='lat' dir='ltr'>horrescit</span> <span class='ocrx_word' id='word_1_101' title='bbox 764 1600 929 1645; x_wconf 85' lang='lat' dir='ltr'>stupens,</span> 
     </span>
     <span class='ocr_line' id='line_1_29' title="bbox 324 1652 884 1698; baseline -0.007 -6"><span class='ocrx_word' id='word_1_102' title='bbox 324 1654 528 1692; x_wconf 85' lang='lat' dir='ltr'>Conversus</span> <span class='ocrx_word' id='word_1_103' title='bbox 555 1653 595 1690; x_wconf 91' lang='lat' dir='ltr'>in</span> <span class='ocrx_word' id='word_1_104' title='bbox 623 1652 884 1698; x_wconf 74' lang='lat' dir='ltr'>LAVRENTwm,</span> 
     </span>
     <span class='ocr_line' id='line_1_30' title="bbox 324 1704 872 1754; baseline -0.007 -8"><span class='ocrx_word' id='word_1_105' title='bbox 324 1706 520 1754; x_wconf 85' lang='lat' dir='ltr'>Oculisque</span> <span class='ocrx_word' id='word_1_106' title='bbox 547 1705 706 1744; x_wconf 86' lang='lat' dir='ltr'>turbatis</span> <span class='ocrx_word' id='word_1_107' title='bbox 734 1704 872 1742; x_wconf 83' lang='lat' dir='ltr'>minax.</span> 
     </span>
    </p>
   </div>
   <div class='ocr_carea' id='block_1_4' title="bbox 1229 147 1275 184">
    <p class='ocr_par' dir='ltr' id='par_1_13' title="bbox 1229 147 1275 184">
     <span class='ocr_line' id='line_1_31' title="bbox 1229 147 1275 184; baseline 0 0"><span class='ocrx_word' id='word_1_108' title='bbox 1229 147 1275 184; x_wconf 82' lang='lat'>91</span> 
     </span>
    </p>
   </div>
   <div class='ocr_carea' id='block_1_5' title="bbox 1209 429 1282 465">
    <p class='ocr_par' dir='ltr' id='par_1_14' title="bbox 1209 429 1282 465">
     <span class='ocr_line' id='line_1_32' title="bbox 1209 429 1282 465; baseline 0 0"><span class='ocrx_word' id='word_1_109' title='bbox 1209 429 1282 465; x_wconf 70' lang='lat'>160</span> 
     </span>
    </p>
   </div>
   <div class='ocr_carea' id='block_1_6' title="bbox 1210 694 1283 731">
    <p class='ocr_par' dir='ltr' id='par_1_15' title="bbox 1210 694 1283 731">
     <span class='ocr_line' id='line_1_33' title="bbox 1210 694 1283 731; baseline 0 -1"><span class='ocrx_word' id='word_1_110' title='bbox 1210 694 1283 731; x_wconf 72' lang='lat'>165</span> 
     </span>
    </p>
   </div>
   <div class='ocr_carea' id='block_1_7' title="bbox 1210 959 1285 996">
    <p class='ocr_par' dir='ltr' id='par_1_16' title="bbox 1210 959 1285 996">
     <span class='ocr_line' id='line_1_34' title="bbox 1210 959 1285 996; baseline 0 0"><span class='ocrx_word' id='word_1_111' title='bbox 1210 959 1285 996; x_wconf 78' lang='lat'>170</span> 
     </span>
    </p>
   </div>
   <div class='ocr_carea' id='block_1_8' title="bbox 1211 1225 1285 1262">
    <p class='ocr_par' dir='ltr' id='par_1_17' title="bbox 1211 1225 1285 1262">
     <span class='ocr_line' id='line_1_35' title="bbox 1211 1225 1285 1262; baseline 0 -1"><span class='ocrx_word' id='word_1_112' title='bbox 1211 1225 1285 1262; x_wconf 74' lang='lat'>175</span> 
     </span>
    </p>
   </div>
   <div class='ocr_carea' id='block_1_9' title="bbox 1213 1490 1288 1529">
    <p class='ocr_par' dir='ltr' id='par_1_18' title="bbox 1213 1490 1288 1529">
     <span class='ocr_line' id='line_1_36' title="bbox 1213 1490 1288 1529; baseline 0.013 -1"><span class='ocrx_word' id='word_1_113' title='bbox 1213 1490 1288 1529; x_wconf 82' lang='lat'>180</span> 
     </span>
    </p>
   </div>
   <div class='ocr_carea' id='block_1_10' title="bbox 165 1837 1288 2126">
    <p class='ocr_par' dir='ltr' id='par_1_19' title="bbox 165 1837 1288 1918">
     <span class='ocr_line' id='line_1_37' title="bbox 227 1837 1288 1878; baseline -0.002 -9"><span class='ocrx_word' id='word_1_114' title='bbox 227 1839 272 1877; x_wconf 89' lang='lat'>(1)</span> <span class='ocrx_word' id='word_1_115' title='bbox 287 1848 438 1878; x_wconf 77' lang='lat' dir='ltr'>promus.</span> <span class='ocrx_word' id='word_1_116' title='bbox 472 1838 596 1873; x_wconf 62' lang='lat' dir='ltr'>Hem„</span> <span class='ocrx_word' id='word_1_117' title='bbox 631 1846 721 1874; x_wconf 82' lang='lat' dir='ltr'>quam</span> <span class='ocrx_word' id='word_1_118' title='bbox 745 1838 808 1875; x_wconf 86' lang='lat' dir='ltr'>ipse</span> <span class='ocrx_word' id='word_1_119' title='bbox 829 1846 1006 1874; x_wconf 81' lang='lat' dir='ltr'>germanam</span> <span class='ocrx_word' id='word_1_120' title='bbox 1038 1837 1199 1868; x_wconf 85' lang='lat' dir='ltr'>lectionem</span> <span class='ocrx_word' id='word_1_121' title='bbox 1227 1846 1288 1875; x_wconf 64' lang='lat' dir='ltr'>exg-</span> 
     </span>
     <span class='ocr_line' id='line_1_38' title="bbox 165 1880 792 1918; baseline -0.002 -8"><span class='ocrx_word' id='word_1_122' title='bbox 165 1881 270 1911; x_wconf 88' lang='lat' dir='ltr'>stimo.</span> <span class='ocrx_word' id='word_1_123' title='bbox 292 1880 455 1911; x_wconf 64' lang='lat' dir='ltr'>Glsuuxvs</span> <span class='ocrx_word' id='word_1_124' title='bbox 464 1881 598 1918; x_wconf 80' lang='lat' dir='ltr'>primus</span> <span class='ocrx_word' id='word_1_125' title='bbox 620 1880 792 1917; x_wconf 79' lang='lat' dir='ltr'>descripsit.</span> 
     </span>
    </p>

    <p class='ocr_par' dir='ltr' id='par_1_20' title="bbox 167 1920 1288 1993">
     <span class='ocr_line' id='line_1_39' title="bbox 229 1920 1288 1960; baseline -0.001 -9"><span class='ocrx_word' id='word_1_126' title='bbox 229 1923 354 1960; x_wconf 78' lang='lat' dir='ltr'>(2)pro</span> <span class='ocrx_word' id='word_1_127' title='bbox 385 1922 510 1960; x_wconf 75' lang='lat' dir='ltr'>templo.</span> <span class='ocrx_word' id='word_1_128' title='bbox 534 1922 613 1950; x_wconf 85' lang='lat' dir='ltr'>Ante</span> <span class='ocrx_word' id='word_1_129' title='bbox 645 1921 762 1957; x_wconf 82' lang='lat' dir='ltr'>locum,</span> <span class='ocrx_word' id='word_1_130' title='bbox 785 1929 843 1957; x_wconf 89' lang='lat' dir='ltr'>quo</span> <span class='ocrx_word' id='word_1_131' title='bbox 875 1920 1044 1951; x_wconf 83' lang='lat' dir='ltr'>Christiani</span> <span class='ocrx_word' id='word_1_132' title='bbox 1077 1921 1288 1955; x_wconf 80' lang='lat' dir='ltr'>convenirent,</span> 
     </span>
     <span class='ocr_line' id='line_1_40' title="bbox 167 1963 436 1993; baseline 0 -1"><span class='ocrx_word' id='word_1_133' title='bbox 167 1964 265 1992; x_wconf 85' lang='lat' dir='ltr'>sacris</span> <span class='ocrx_word' id='word_1_134' title='bbox 287 1963 436 1993; x_wconf 80' lang='lat' dir='ltr'>adfuturi.</span> 
     </span>
    </p>

    <p class='ocr_par' dir='ltr' id='par_1_21' title="bbox 229 2003 869 2043">
     <span class='ocr_line' id='line_1_41' title="bbox 229 2003 869 2043; baseline -0.005 -8"><span class='ocrx_word' id='word_1_135' title='bbox 229 2005 274 2042; x_wconf 82' lang='lat'>(3)</span> <span class='ocrx_word' id='word_1_136' title='bbox 296 2005 468 2043; x_wconf 70' lang='lat' dir='ltr'>dispostas.</span> <span class='ocrx_word' id='word_1_137' title='bbox 491 2003 582 2041; x_wconf 84' lang='lat' dir='ltr'>Sync.</span> <span class='ocrx_word' id='word_1_138' title='bbox 607 2012 660 2041; x_wconf 90' lang='lat' dir='ltr'>pro</span> <span class='ocrx_word' id='word_1_139' title='bbox 682 2004 869 2041; x_wconf 76' lang='lat' dir='ltr'>dispositas.</span> 
     </span>
    </p>

    <p class='ocr_par' dir='ltr' id='par_1_22' title="bbox 229 2044 1197 2083">
     <span class='ocr_line' id='line_1_42' title="bbox 229 2044 1197 2083; baseline -0.001 -8"><span class='ocrx_word' id='word_1_140' title='bbox 229 2045 274 2083; x_wconf 83' lang='lat'>(4)</span> <span class='ocrx_word' id='word_1_141' title='bbox 296 2046 439 2075; x_wconf 67' lang='grc' dir='ltr'>Βενυσίας</span> <span class='ocrx_word' id='word_1_142' title='bbox 461 2045 591 2074; x_wconf 73' lang='lat' dir='ltr'>talentIs</span> <span class='ocrx_word' id='word_1_143' title='bbox 612 2045 674 2074; x_wconf 70' lang='lat' dir='ltr'>etc.</span> <span class='ocrx_word' id='word_1_144' title='bbox 697 2045 824 2074; x_wconf 82' lang='lat' dir='ltr'>Talonta</span> <span class='ocrx_word' id='word_1_145' title='bbox 847 2044 1014 2074; x_wconf 85' lang='lat' dir='ltr'>acervatim</span> <span class='ocrx_word' id='word_1_146' title='bbox 1037 2044 1197 2082; x_wconf 75' lang='lat' dir='ltr'>disposita.</span> 
     </span>
    </p>

    <p class='ocr_par' dir='ltr' id='par_1_23' title="bbox 230 2086 998 2126">
     <span class='ocr_line' id='line_1_43' title="bbox 230 2086 998 2126; baseline -0.001 -9"><span class='ocrx_word' id='word_1_147' title='bbox 230 2086 276 2126; x_wconf 84' lang='lat'>(5)</span> <span class='ocrx_word' id='word_1_148' title='bbox 297 2090 482 2126; x_wconf 68' lang='lat' dir='ltr'>roqantum.</span> <span class='ocrx_word' id='word_1_149' title='bbox 505 2087 590 2125; x_wconf 64' lang='lat' dir='ltr'>§tipo</span> <span class='ocrx_word' id='word_1_150' title='bbox 611 2086 751 2124; x_wconf 77' lang='lat' dir='ltr'>precaria</span> <span class='ocrx_word' id='word_1_151' title='bbox 772 2086 998 2116; x_wconf 75' lang='lat' dir='ltr'>victitantmm.</span> 
     </span>
    </p>
   </div>
  </div>
 </body>
</html>
