1450 2537
198 159 272 198 138
577 172 725 199 Avnam
753 172 960 199 anDEN'rn·

512 285 623 322 Hunc
651 287 779 332 sponte
808 287 1022 323 conscendit
1049 298 1179 335 rogum

458 338 525 375 Vir
552 340 703 376 sanctus
732 349 791 376 ore
819 339 1000 385 interrito,

460 392 533 429 Ceu
560 391 634 428 iam
662 402 815 429 coronae
843 393 1011 430 conscius

459 444 603 482 Celsum
631 444 794 481 tribunal
823 445 1029 484 scanderet.

511 498 641 535 Subter
673 499 842 544 crepante
871 498 1090 546 adspergine
1245 500 1266 536 2
1298 523 1304 534 .

458 550 643 587 Scintillat
670 562 842 588 excussus
870 551 975 596 salis,
1023 552 1080 599 (1)

458 603 682 651 Punctisque
709 603 853 641 fervens
881 604 1047 642 stridulis

456 656 619 703 Sparsim
646 668 710 703 per
737 658 840 694 artus
868 657 1009 705 figitur.

510 710 653 747 Arvina
679 709 851 757 posthinc
878 710 1024 757 igneum
1057 711 1114 759 (2)

457 763 642 809 Impressa
669 765 853 800 cauterem
880 763 995 801 lavit:
1241 764 1316 801 ‘230

457 816 525 853 Vis
552 816 648 853 unde
676 816 769 853 roris
795 815 928 854 fumidi

456 869 503 907 In
532 870 693 906 membra
720 869 856 907 sensim
883 870 1050 917 liquitur.

514 922 616 960 Haec
643 922 739 959 inter
766 923 938 960 immotus
967 925 1104 970 manet,

456 976 658 1023 Tamquam
688 976 852 1014 dolorum
880 977 1042 1023 nescius,

456 1029 659 1076 Tenditque
688 1029 726 1066 in
755 1029 869 1067 altum
898 1030 1064 1075 lumina3
1239 1030 1316 1067 235

456 1082 555 1119 Nam
584 1082 706 1120 vincla
733 1082 877 1130 palmas
905 1085 1129 1130 presserant.

508 1135 680 1173 Sublatus
709 1135 792 1173 inde
821 1136 946 1174 fortior

458 1188 630 1236 Lugubre
657 1189 697 1226 in
725 1190 872 1226 antrum
900 1189 1076 1236 truditur,

455 1241 513 1279 Ne
541 1241 633 1279 liber
659 1253 749 1280 usus
775 1241 928 1280 luminis

455 1294 649 1332 Animaret
676 1295 791 1332 altum
820 1295 1003 1342 spiritum.
1241 1295 1316 1332 240

508 1348 576 1385 Est
602 1347 703 1385 intus
731 1349 802 1386 imo
830 1349 1015 1396 ergastulo

1271 501 1292 536 to

1301 500 1320 535 »π

1195 1118 1231 1136 Ο

455 1400 574 1439 Locus
599 1401 760 1439 tenebris
789 1402 942 1449 nigrior,

454 1454 566 1499 Quem
594 1466 682 1492 saxa
710 1455 818 1492 mersi
845 1455 996 1493 fornicis
1018 1454 1076 1504 (3)

453 1508 627 1555 Angusta
655 1507 821 1545 clausum
849 1508 1103 1556 strangulant.

253 1588 297 1625 (1)
321 1597 475 1617 excussus
495 1588 586 1617 salis.
613 1588 708 1623 Ictus,
735 1589 868 1626 crepitus
890 1589 973 1619 salis.
997 1589 1170 1624 Gmnmvs,
1187 1590 1220 1618 et
1240 1589 1316 1620 edit.

189 1629 462 1659 Amstelodamens.
488 1629 550 1665 (an.
569 1630 740 1659 M.nc.xxx1
756 1630 853 1667 publ.)
870 1632 1036 1667 reponunt:
1053 1639 1208 1659 excussus
1222 1631 1316 1660 cinis.

254 1671 296 1707 (2)
320 1672 448 1700 Arvina
470 1674 627 1699 cauterem
651 1672 740 1700 lavit.
765 1672 919 1701 Glossator
941 1672 1029 1700 unius
1061 1672 1217 1705 Vaticani,
1246 1681 1315 1700 cau-

189 1713 284 1741 terem
306 1713 404 1749 ipsum
427 1713 538 1741 lectum
563 1713 691 1741 ferreum
707 1713 816 1742 arvina
841 1713 921 1749 ignis
943 1713 1041 1742 calore
1062 1711 1230 1748 liquefacta
1252 1721 1316 1750 per-

190 1754 287 1782 fusum
311 1754 358 1782 ait
380 1754 610 1789 intelligendum
633 1763 707 1784 esse.
730 1754 846 1784 Contra
876 1764 913 1784 ea
943 1754 1113 1784 CELLARIVS
1143 1754 1241 1783 locum
1271 1754 1316 1782 ita

189 1797 330 1824 enarrat:
355 1806 372 1822 «
395 1795 561 1830 Pinguedo.
586 1796 610 1824 si
629 1804 688 1831 qua
710 1797 741 1824 in
764 1804 886 1833 corpore
908 1796 1054 1833 martyris
1068 1795 1230 1832 superfuit,
1247 1803 1316 1824 cau-

189 1840 252 1864 tere
275 1836 370 1865 ferreo
393 1838 539 1873 impressa
561 1840 592 1865 et
608 1837 762 1873 perforata
778 1837 869 1873 lavit,
893 1837 924 1866 id
947 1839 995 1866 est
1016 1837 1145 1872 tinguit,
1171 1836 1248 1865 idem
1273 1835 1316 1864 ul-

188 1877 282 1906 tionis
305 1878 554 1913 instrumentum,
577 1879 655 1914 quod
678 1879 848 1907 cauterium
865 1880 986 1913 vocant,
1002 1887 1110 1913 graece
1131 1876 1314 1921 καυτήρμ»

188 1924 389 1954 Praetulerim
412 1925 589 1961 glossa÷0ris
612 1926 755 1955 Vaticani
780 1926 1074 1963 interpretationem.

251 1966 295 2004 (3)
330 1968 427 1996 mersi
458 1968 604 2004 fornicis.
647 1967 680 1996 In
713 1968 806 1996 Actis
838 1967 982 2004 Martyr.
1015 1965 1187 1995 istiusmodi
1217 1964 1314 1994 fornix

188 2007 235 2036 ita
256 2008 390 2037 strictim
415 2008 607 2045 depingitur:
633 2019 650 2036 «
674 2008 854 2046 Quaerite...
877 2008 976 2037 locum
998 2007 1189 2037 tenebrosum
1212 2008 1244 2035 et
1265 2015 1312 2043 op-

187 2057 322 2086 pressum
344 2052 471 2086 urgente
493 2052 613 2079 tectura
637 2050 678 2079 ab
706 2051 788 2080 omni
818 2049 940 2088 publica
962 2049 1027 2078 luce
1049 2048 1228 2086 sepositum,
1250 2055 1315 2086 per-

187 2092 280 2129 petua
301 2092 389 2120 nocte
410 2091 600 2122 damnatum.
626 2101 643 2119 »
