1502 2537
1108 175 1131 211 to

1135 174 1157 211 [Ο

1164 173 1180 211 ’.Δ

287 174 402 247 ΠΕΡΙ
423 174 678 210 ΣΊΕΦΑΝΩΝ
709 181 860 210 immvs
888 184 908 210 x

181 298 354 335 Laetatus
383 308 487 334 omne
513 297 648 334 crimen
679 296 716 334 in
745 296 862 333 fasces
891 297 998 335 refert
1019 296 1078 346 (1)

180 351 292 388 Suum
319 352 499 399 tyrannus
526 349 702 387 chartulis
731 350 930 386 vivacibus.
1098 350 1197 388 1115,

235 403 326 440 Illas
354 403 414 440 sed
444 405 546 440 aetas
574 402 721 440 conficit
748 402 904 444 diutina:

183 455 312 501 Fungo
340 456 473 496 fuscat.
506 455 626 503 pulvis
653 455 800 492 obducit
827 455 914 499 situ,

181 509 306 556 Carpit
333 512 514 553 senectus,
545 511 610 545 aut
637 508 754 545 ruinis
782 508 923 545 obruit:
975 509 980 513 '

181 562 367 608 Inscripta
395 562 539 599 Christo
562 562 699 608 pegma
727 560 943 599 immortalis
968 563 1037 608 est,

181 615 257 652 Nec
286 614 477 652 obsolescit.
504 614 602 651 ullus
630 614 668 651 in
696 614 808 651 caelis
835 626 939 660 apex.
967 637 973 642 ·
1097 614 1198 652 1120

234 667 386 714 Excepit
412 668 564 704 adstans
592 667 760 714 Angelus
787 678 905 704 coram
936 667 1025 712 Deo,

179 721 229 758 Et
256 732 347 767 quae
375 720 517 758 locutus
546 722 698 767 martyr,
729 721 765 756 et
791 731 883 767 quae
911 720 1081 766 pertulit3

179 774 257 811 Nec
279 774 388 810 verba
416 773 531 810 solum
560 772 772 809 disserentis
799 772 975 818 condidit,

179 827 246 863 Sed
276 826 355 872 ipsa
384 826 540 873 pingens
569 825 720 862 vulnera
748 826 925 872 expressit
952 826 1050 870 stilo,

182 881 366 919 Laterum.
385 890 575 927 genarum,
593 878 834 924 pectorisque,
852 880 888 915 et
902 878 1076 915 faucium.
1096 879 1197 916 1125

239 932 369 970 Omnis
396 932 523 969 notata
550 932 606 968 est
633 930 828 977 sanguinis
857 931 1048 977 dimensio,

179 985 229 1023 Ut
257 996 436 1032 quamque
464 984 613 1031 plagam
641 983 765 1020 sulcus
792 984 1007 1029 exaraverit,

178 1038 320 1084 Altam,
342 1039 541 1085 patentem,
563 1036 778 1084 proximam,
799 1036 964 1085 longam,
987 1038 1150 1076 brevem:

75 1179 216 1216 1329oeth
246 1178 398 1215 fictisque
430 1177 617 1215 Martyrum
639 1176 670 1205 in
703 1184 766 1205 rem
788 1184 873 1205 suam
907 1177 1071 1207 derivasse.
1103 1178 1196 1214 Atqui

75 1219 255 1250 Prudentius
288 1220 390 1248 noster
411 1218 441 1247 in
462 1219 526 1247 suis
561 1215 645 1262 Περὶ
669 1215 740 1250 Στε
716 1221 844 1261 φανῶν
868 1219 1055 1248 carminibus
1082 1221 1198 1257 conspi-

72 1275 161 1298 cuum
183 1265 282 1299 facit
305 1265 432 1295 nudulas
456 1265 521 1294 illas
544 1265 721 1300 ieiunasque
741 1265 932 1294 narrationes
954 1265 990 1294 de
1015 1265 1139 1295 Christi
1133 1276 1169 1295 1111
1176 1268 1199 1295 is

73 1307 223 1346 martyrio
244 1307 376 1341 affectis,
399 1314 474 1342 quas
495 1306 532 1335 ad
550 1307 747 1344 imperatores
761 1306 907 1343 praefecti
923 1306 1087 1342 diligenter
1106 1307 1200 1337 desei·-

73 1350 154 1385 rent,
171 1348 291 1378 uberem
313 1348 433 1384 tragico
453 1348 595 1384 scriptori
617 1348 750 1383 segetem
779 1347 974 1384 suppeditare
1003 1356 1099 1384 posse.
1129 1349 1198 1377 Sive

73 1391 154 1421 enim
183 1393 376 1419 acusatorum
398 1389 553 1425 ingenium
582 1389 614 1418 et
637 1397 732 1417 mores
753 1390 883 1425 spectes,
905 1389 970 1418 sive
992 1390 1196 1424 quaesitorum

74 1431 231 1462 vafritiem
252 1432 285 1459 et
306 1430 483 1467 profundam
496 1430 670 1459 carnificum
694 1429 906 1458 crudelitatem
923 1452 930 1464 ,
954 1430 1018 1459 sive
1040 1430 1130 1460 virile
1148 1440 1198 1468 pe·

73 1477 142 1503 ctus
155 1471 471 1501 innocentissimorum
493 1472 606 1500 civium
623 1470 847 1507 contempleris
865 1471 915 1506 qui
932 1479 969 1500 ex
984 1471 1066 1500 omni
1082 1473 1196 1506 aetate,

73 1513 191 1547 ordine,
212 1521 287 1542 sexu
319 1511 359 1542 ad
380 1512 495 1542 iudices
517 1511 633 1546 delati,
650 1512 794 1541 veritatis
815 1511 1028 1547 libertatisque
1050 1512 1199 1543 humanae

75 1556 144 1585 iura
163 1553 258 1583 libero
279 1561 329 1582 ore
350 1554 521 1588 tuerentur,
544 1560 656 1590 proque
676 1552 822 1588 religione
847 1553 981 1582 omnium
1003 1554 1199 1583 sanctissima

74 1596 113 1626 ad
134 1595 290 1624 cruciatus
310 1595 479 1630 exquisitos
501 1596 688 1629 mortemque
703 1593 812 1631 ipsam,
828 1594 922 1623 veluti
939 1594 977 1622 ad
993 1594 1196 1632 voluptarium

75 1636 246 1667 convivium
258 1635 464 1670 convolarent,
476 1636 579 1665 onmia
590 1635 663 1664 liaeo
681 1643 770 1670 nova,
783 1635 919 1670 inquam,
936 1635 1088 1671 inaudita,
1105 1637 1196 1666 subli-

75 1679 150 1714 mia,
172 1675 409 1721 τραγικώτατα
431 1677 489 1706 tibi
519 1677 550 1706 in
573 1676 745 1705 istiusmodi
772 1676 1001 1706 narrationibus
1027 1681 1196 1707 occurrent.

74 1724 158 1755 Adde
179 1723 313 1754 notarios
324 1723 387 1753 suis
410 1722 441 1752 in
455 1722 540 1752 Actis
554 1721 728 1752 exarandis.
744 1722 826 1750 omni
839 1721 987 1750 orationis
998 1725 1107 1752 ornatu
1119 1724 1197 1752 tam-

75 1774 165 1802 quam
187 1766 271 1795 veste
292 1764 442 1799 detracto,
465 1764 570 1793 lectori
591 1771 697 1792 scenas
716 1771 806 1799 saepe
834 1763 982 1799 integras,
999 1763 1082 1792 aliud
1103 1764 1196 1794 veluti

73 1807 202 1843 agendo,
216 1813 380 1844 proponere
393 1805 432 1834 ad
455 1804 680 1834 miserationem
695 1803 895 1841 compositas:
913 1803 989 1833 adde
1004 1804 1198 1834 velitationes

74 1848 143 1878 illas
165 1851 328 1886 tyrannum
357 1847 438 1876 inter
458 1848 491 1875 et
518 1854 601 1874 reum
623 1845 660 1874 de
680 1844 768 1874 rebus
789 1844 904 1874 divinis
924 1847 957 1874 et
981 1845 1198 1884 philosophicis

72 1889 211 1922 obortas:
236 1888 430 1923 dialogosque
450 1895 571 1924 prorsus
598 1888 711 1916 natura
731 1886 869 1919 fluentes,
889 1893 965 1921 quae
987 1888 1198 1917 tantummodo

71 1931 178 1960 stilum
186 1929 336 1959 artificem
347 1931 379 1958 et
390 1937 528 1958 versuum
538 1927 704 1957 armoniam
717 1927 914 1964 opperiuntur
921 1928 1056 1964 germani
1069 1928 1198 1958 alicuius

75 1974 181 2010 petae
202 1970 399 2008 Melpomenis
418 1970 532 2007 spiritu
553 1969 663 1998 afflati.

135 2023 181 2061 (l)
203 2024 238 2052 in
259 2023 360 2059 fasces
382 2022 490 2059 refert
513 2029 620 2058 nempe
654 2020 686 2049 in
718 2020 843 2050 annales
874 2019 1048 2057 Consulum,
1070 2028 1196 2057 quorum

75 2065 170 2094 fasces
183 2066 285 2094 essent
306 2063 451 2100 insignia.
475 2062 613 2098 Plerique
633 2069 736 2091 omnes
757 2061 910 2099 recipiunt
923 2062 1047 2100 fasm;
1059 2061 1197 2094 onemo

76 2110 190 2141 tamen.
213 2105 273 2136 levi
294 2105 470 2135 coniectura
492 2103 596 2142 ducto,
617 2102 720 2142 placet
737 2103 841 2142 factos
860 2102 971 2141 legere.
