1502 2610
381 190 722 220 comN'rARvaM
749 191 787 219 V.
817 190 1069 219 LANFRANCHII
1223 193 1294 221 XXV

170 315 391 366 dissentiat,
419 328 594 370 eumque
626 315 778 358 indocte
807 315 1084 358 doctissimum
1114 317 1204 359 falsi
1234 320 1296 359 ta-

171 399 260 429 xare
290 387 451 429 audeat.
487 387 598 439 Quae
631 400 693 429 res
724 387 762 428 in
800 399 921 429 causa
948 389 1009 429 est
1040 400 1111 429 cur
1148 388 1231 442 ipse
1259 389 1295 429 in

170 458 284 512 poeta
313 457 569 507 enucleando,
598 470 666 511 pro
697 470 738 500 re
777 454 870 500 nata
901 457 949 499 de
979 457 1149 500 Cellario
1177 459 1296 500 lec-to-

169 541 254 571 rem
281 528 498 583 benignum
530 541 665 570 meum
695 528 930 571 obtundam.

229 599 294 642 Ab
325 599 490 641 Heinsio
513 599 730 642 secundum
754 600 962 642 Iosepnvm
986 600 1202 642 THEomxu
1236 613 1298 642 ce-

170 670 265 713 teris
295 670 480 713 omnibus
510 670 626 725 longe
658 684 740 713 esse
762 671 1079 725 anteponendum
1102 671 1295 721 existimo,

168 741 239 796 qui
270 741 310 783 in
330 741 574 783 carminibus
595 741 871 795 prudentianis
887 742 1154 796 expurgandis
1176 744 1295 796 atque

167 811 414 855 illustrandis
452 824 613 866 operam
653 812 988 867 diligentiamque
1029 812 1293 854 contulerunt.

168 882 248 926 Hic
269 883 376 925 enim
392 895 466 925 non
487 883 638 925 codices
659 885 820 925 tantum
843 896 965 925 manu
987 883 1157 938 scriptos
1179 884 1294 926 vidit.

165 953 218 996 ad
247 966 346 1009 quos
378 966 514 996 omnes
545 954 595 996 ad
626 967 743 996 suam
775 956 951 996 aetatem
982 954 1175 1009 philologi
1205 967 1295 996 cou-

166 1023 366 1079 fugerant,
399 1024 466 1067 sed
499 1024 715 1066 Vaticanos
756 1025 894 1075 etiam,
935 1027 1054 1067 antea
1091 1024 1291 1079 sepositos,

164 1095 432 1151 editionaeque
478 1095 641 1138 maioris
697 1096 888 1138 momenti
918 1096 958 1138 in
1005 1095 1176 1138 editione
1221 1110 1292 1139 sua

164 1166 391 1209 adornanda
420 1166 605 1221 inspexit.
639 1167 793 1208 Theolii
830 1167 1027 1209 industria
1059 1167 1116 1208 ita
1155 1168 1294 1210 inscri-

164 1237 295 1280 bitur:
332 1251 355 1277 «
387 1238 562 1280 Aurelii
593 1237 826 1280 Prudentii
868 1238 1097 1280 Clementis
1143 1238 1188 1280 V.
1224 1239 1290 1282 CI.

167 1308 305 1363 Opera
335 1308 478 1351 omnia
510 1322 622 1350 mmo
646 1309 840 1362 primum
861 1323 954 1351 eum
976 1309 1184 1351 codicibus
1213 1309 1292 1350 Va-

166 1379 321 1421 ticam's
351 1377 519 1428 collata,
545 1378 830 1432 praefatione,
863 1379 1131 1421 variantibus
1154 1379 1291 1421 lectio-

163 1449 299 1500 nibus,
333 1450 458 1499 notis,
489 1462 538 1490 ac
568 1463 710 1490 rerum
741 1450 1033 1503 verborumque
1063 1449 1203 1492 indice
1235 1450 1292 1492 Io-

147 1519 447 1574 ,cupletissimo
478 1524 604 1562 aucta
645 1523 684 1562 et
728 1520 959 1562 illustrata.
1001 1535 1023 1560 >›
1063 1520 1291 1562 Editionem

164 1590 317 1633 iamdiu
349 1592 566 1646 expetitam
597 1590 764 1646 Iosepho
785 1591 950 1633 Nicolao
971 1591 1122 1633 Azarae
1143 1591 1292 1646 Hispa-

164 1661 322 1704 niarum
352 1662 459 1716 regis
490 1662 636 1704 oratori
668 1674 762 1704 cum
793 1661 930 1704 liberis
960 1662 1161 1704 mandatis
1182 1663 1290 1717 apud

163 1732 381 1775 Summum
411 1732 649 1775 Pontificem
671 1732 943 1786 nuncupavit3
963 1734 1091 1787 utque
1111 1733 1289 1787 primum

162 1803 269 1845 omni
308 1803 469 1845 librario
490 1804 603 1846 cultu
624 1803 866 1846 bodonianae
883 1803 945 1844 illi
966 1803 1116 1858 pumici
1132 1804 1290 1846 exculta

163 1886 226 1916 an.
267 1886 312 1916 M.
332 1884 417 1916 Dcc.
437 1885 631 1916 Lxxxvm
672 1874 792 1924 in-80,
823 1874 866 1916 in
895 1887 1038 1917 manus
1069 1874 1289 1917 doctiorum

162 1944 285 1996 venit,
316 1945 569 1986 commodum
601 1945 728 1986 editor
758 1944 924 1986 minime
946 1958 986 1988 se
1008 1945 1288 1999 poenitendum

162 2015 337 2058 laborem
358 2016 574 2070 suscepisse
597 2015 809 2058 intellexit.
832 2015 897 2058 Ad
919 2029 983 2058 me
1004 2016 1108 2070 quod
1129 2016 1288 2067 attinet,

162 2086 347 2141 profiteor
378 2086 559 2128 multum
580 2100 644 2128 me
665 2086 806 2128 debere
822 2088 934 2128 tanto
954 2087 1053 2128 italo
1073 2087 1287 2142 philologo,

197 2178 233 2206 Δ.
253 2178 410 2206 annxxtn
434 2179 531 2213 Opera.
1191 2180 1217 2205 b·
