1502 2610
457 196 798 226 coma-rmum
823 197 862 225 v.
893 197 1144 226 mammona
1278 200 1346 227 xiii

281 322 421 376 Quum
435 322 476 364 in
491 322 622 365 causis
631 322 806 365 dicendis
816 335 1005 377 magnam
1022 323 1190 365 nominis
1201 324 1235 365 fa
1242 338 1348 366 mam

223 395 327 436 esset
346 392 528 447 adeptus,
551 392 602 434 ad
633 392 926 446 provinciarum
964 393 1347 435 administrationem

221 476 298 506 non
317 463 443 506 semel
464 464 644 513 accessit,
662 464 703 505 in
719 463 865 518 quibus
885 463 1117 514 lustrandis,
1136 465 1188 505 im
1195 468 1350 518 perato-

223 535 280 578 ris
295 535 451 577 nomine
472 534 535 577 ius
557 535 739 577 redderet
756 535 923 586 civibus,
946 536 1149 577 ministros
1166 537 1204 577 in
1221 537 1350 577 offic-io

220 606 451 655 contineret,
483 606 618 660 reique
650 606 835 660 publicae
868 607 1121 660 prospiceret.
1154 607 1347 647 Militiam

221 677 403 719 nostrum
433 676 692 730 capessivisse
724 678 851 730 patet,
883 689 958 718 non
989 689 1078 718 eam
1098 677 1263 730 quidem
1284 690 1350 718 ca—

219 750 432 798 strensem,
454 760 556 801 quae
586 747 627 788 in
655 747 792 797 armis,
824 747 1143 801 expeditionibus
1175 751 1247 790 aut
1277 749 1350 791 sub

219 817 394 873 pellibus
419 819 680 867 exerceretur,
692 817 760 860 sed
777 831 877 872 quae
895 822 1050 871 τομαῖα,
1061 814 1350 873 autpalatma

219 887 450 939 vocabatur,
468 888 808 943 quemadmodum
825 888 1000 942 legimus
1011 889 1051 930 in
1062 888 1215 932 Codicis
1232 891 1351 932 Theo-

219 959 372 1001 dosiani
391 958 493 1001 libro
523 960 632 1001 sexto
656 959 734 1013 (1).
757 959 896 1013 Neque
928 958 1190 1002 Consulatum
1218 961 1349 1003 ullum

219 1029 359 1084 gessit,
381 1031 455 1072 aut
476 1031 708 1084 praeturam
740 1029 936 1071 urbanam
967 1031 1072 1081 iniit,
1103 1032 1207 1085 quod
1238 1045 1348 1086 repe-

218 1100 331 1143 riunt
351 1100 464 1143 docte
487 1100 618 1154 magis
639 1113 762 1155 quam
784 1114 873 1143 vere
910 1103 951 1143 et
990 1103 1349 1145 comminiscuntur

218 1171 413 1222 nonnulli,
436 1171 540 1213 inter
562 1183 659 1225 quos
675 1172 803 1214 Aldus
819 1185 1022 1223 romanus,
1037 1173 1251 1225 Baronius,
1273 1173 1349 1217 Gi-

218 1241 382 1293 sefinus,
408 1241 573 1292 Cavens,
596 1242 834 1285 Franciscus
859 1243 1086 1293 Victorius3
1105 1244 1173 1286 sed
1193 1245 1350 1287 honori-

218 1312 492 1355 ficentissimis
513 1313 746 1355 muneribus
766 1313 807 1355 in
825 1314 992 1356 aedibus
1013 1314 1204 1368 palatinis
1225 1316 1350 1358 nitide

217 1382 444 1433 defunctus,
462 1382 652 1438 dignitati
676 1383 798 1425 officii
820 1384 919 1426 satis
937 1384 1101 1438 quidem
1117 1385 1226 1437 fecit,
1248 1387 1349 1428 nihil

216 1455 357 1497 autem
370 1454 490 1497 rebus
506 1454 590 1497 suis
606 1454 795 1509 proficere
812 1456 1033 1510 quidquam
1051 1457 1163 1511 pensi
1182 1457 1346 1507 habuit;

216 1525 333 1580 plane
354 1526 403 1568 ut
426 1525 596 1569 abeundi
623 1525 784 1568 licentia
813 1527 1044 1581 impetrata,
1068 1530 1347 1570 exauctoratus

215 1608 333 1652 parce
353 1598 615 1651 contenteque
635 1596 801 1647 viveret,
819 1597 861 1638 id
891 1611 1018 1639 unum
1039 1600 1290 1652 conquestus
1306 1613 1346 1642 se

217 1661 430 1721 egentibus
451 1667 671 1721 suppetias,
697 1680 797 1722 quas
829 1668 963 1719 vellet,
986 1668 1087 1710 ferre
1118 1681 1193 1710 non
1222 1657 1346 1724 posse.

275 1737 375 1780 Post
390 1737 596 1780 Theodosii
618 1740 802 1788 mortem,
824 1751 887 1781 res
907 1739 1104 1781 humanas
1125 1741 1343 1791 aversatus,

216 1809 264 1851 de
294 1808 430 1851 reditu
459 1809 501 1850 in
532 1810 708 1863 patriam
740 1810 949 1864 cogitavit,
982 1823 1101 1865 seque
1135 1812 1270 1853 totum
1304 1811 1345 1853 in

214 1878 367 1922 litteris
398 1879 566 1930 abdidit,
600 1893 698 1934 quas
729 1880 1050 1924 adolescentulus
1080 1894 1174 1924 cum
1209 1882 1345 1923 fructu

217 1949 465 2001 excoluerat3
489 1952 531 1992 et
560 1951 701 2002 musis,
733 1952 880 1994 natura
910 1953 1171 2007 suffragante,
1201 1952 1243 1995 in
1262 1952 1344 2007 pri-

260 2101 320 2148 (1)
343 2101 382 2138 v.
409 2101 493 2138 God.
521 2103 690 2139 Theodos.
715 2103 767 2148 w,
793 2103 848 2141 tit.
873 2104 930 2139 37.
