1502 2537
304 23 314 30 .
342 24 347 32 .
375 0 639 39 ,ζένῖἲῗλκῖἲΓΤΓ
813 0 854 13 ““

369 146 478 181 [lm’l
504 145 765 181 ΣΤΕΦΑΝΩΝ
794 152 944 179 HYMNVS
972 152 991 179 v
1203 140 1277 179 143

471 268 631 306 Mentem
658 267 796 315 piatam
824 266 1019 314 sanguine,

418 322 548 359 Mortis
575 320 732 359 lavacris
760 320 911 366 elutam,
935 319 994 367 (1)

418 375 516 420 Quae
545 376 658 412 semet
684 385 727 412 ac
754 373 868 411 vitam
898 384 1001 410 suam

0 427 8 477 ξ’
422 428 567 466 Christo
596 426 855 465 immolandam
882 425 1064 474 praebuit.

0 488 7 503 '¹
474 481 585 528 Ergo,
614 483 656 518 ut
682 479 817 518 recline
845 478 1015 517 mollibus
1202 479 1277 516 365

422 533 562 572 Reiecit
588 534 727 572 aulaeis
755 534 878 580 caput,

423 587 562 633 Victor,
592 587 729 625 relictis
757 586 924 632 artubus,

424 640 572 678 Caelum
599 640 758 687 capessit
785 639 959 686 spiritus:

477 693 544 731 Cui
570 695 669 731 recta
695 693 790 731 celso
817 692 977 738 tramite,

423 747 622 784 Reseratur
648 747 695 783 ad
724 747 870 784 Patrem
897 745 972 791 via,
1201 745 1278 783 370

423 800 540 845 Quam
566 799 678 837 fratre
705 810 831 837 caesus
856 798 966 846 impio

425 853 518 891 Abel
546 853 673 890 boatus
701 852 909 892 scanderat.

476 905 621 953 Stipant
647 907 789 943 euntem
817 904 965 943 candidi

424 959 523 996 Hinc
550 959 633 996 inde
662 960 871 996 sanctorum
898 958 1013 1004 chori,

424 1012 580 1059 Parique
608 1011 760 1049 missum
787 1023 929 1050 carcere
951 1013 1008 1061 (2)
1205 1012 1280 1049 375

423 1065 593 1112 Baptista
620 1065 781 1103 Ioannes
809 1066 929 1102 vocat.

476 1120 527 1155 At
555 1117 756 1156 Christiani
783 1117 942 1155 nominis

425 1172 578 1209 Hostem
605 1171 809 1219 coquebant
834 1170 939 1208 irrita

424 1224 536 1262 Fellis
563 1236 716 1271 venena,
746 1225 782 1261 et
807 1223 960 1261 lividum

425 1278 493 1316 Cor
521 1278 670 1315 efferata
697 1278 927 1316 exusserant.
1205 1277 1281 1315 380

476 1331 620 1369 Saevire
647 1330 823 1368 inermem
850 1331 1010 1368 crederes

423 1384 566 1422 Fractis
594 1384 786 1422 draconem
813 1383 1005 1422 dentibus:

422 1458 474 1464 —
505 1451 527 1471 «
556 1437 698 1484 Evasit,
729 1436 917 1475 exsultans
947 1435 1022 1485 (3),
1053 1437 1121 1483 ait,

423 1490 598 1536 Rebellis‚
628 1491 665 1528 et
690 1490 852 1538 palmam
879 1489 992 1527 tulit?

477 1543 546 1581 Sed
572 1544 687 1581 restat
713 1543 805 1580 illud
830 1542 1002 1580 ultimum
1207 1543 1282 1582 385

422 1596 562 1635 Inferre
589 1607 743 1644 poenam
770 1597 925 1643 mortuo,

429 1650 526 1688 Feris
554 1650 709 1687 cadaver
734 1650 899 1696 tradere;

425 1703 629 1741 Canibusve
657 1703 880 1750 carpendum
907 1702 1006 1740 dare.

223 1778 267 1817 (1)
290 1781 404 1808 mortis
426 1779 568 1809 lavacris
590 1779 723 1808 elutum.
746 1779 796 1808 Ita
807 1777 909 1816 plures
929 1778 1017 1809 codd.
1040 1787 1128 1816 mss„
1144 1787 1217 1816 quos
1238 1789 1283 1810 se·

161 1824 295 1857 quuntur
315 1821 425 1850 Hms.
448 1822 479 1850 et
501 1820 672 1854 Rvnmnr„
689 1820 748 1849 etsi
762 1819 894 1849 secunda
910 1820 991 1850 vocis
1005 1820 1123 1858 syllaba
1136 1822 1285 1859 producta
1336 1853 1339 1855 Α

160 1863 215 1892 sit.
238 1862 302 1892 Duo
325 1862 411 1891 codd.
434 1865 560 1891 erutam
583 1861 709 1896 habent,
725 1862 775 1890 cui
790 1861 870 1891 savit
883 1861 1050 1892 Wm'rzrvs.
1073 1862 1168 1899 Vulgo
1190 1864 1283 1893 incli-

161 1907 241 1939 tam,
264 1911 342 1940 quae
362 1903 432 1933 lot-t.
449 1903 488 1931 ab
502 1903 577 1932 Aldo
594 1903 716 1932 videtur
736 1904 815 1933 orta.
837 1902 922 1934 Unus
936 1902 1038 1933 Vatic.
1062 1904 1188 1934 minime
1201 1913 1283 1942 sper-

161 1946 275 1974 nendus
289 1948 416 1974 erutam
437 1945 583 1978 ostendit,
602 1945 704 1980 ibique
725 1944 764 1974 ad
788 1944 913 1974 verbum
933 1943 1011 1974 illud
1033 1944 1176 1976 lavacris
1192 1955 1284 1976 manu

161 1986 321 2024 posteriori
340 1994 433 2024 supra
452 1986 598 2022 scriptum
621 1985 734 2021 legitur
747 1986 894 2024 periclis.

225 2028 270 2066 (2)
293 2029 430 2057 missum
451 2037 586 2061 carcere.
611 2035 681 2057 mss,
706 2027 740 2056 In
762 2029 839 2058 vett.
862 2027 953 2058 editt.
976 2028 1096 2058 missus
1120 2026 1179 2067 (l)

227 2069 271 2107 (3)
291 2069 474 2099 exsultans.
490 2068 611 2106 proprie
634 2068 782 2105 intellige.
