1502 2537
481 161 766 190 cA'rnnunssmon
794 162 945 190 mrmws
972 163 994 190 X

389 274 484 321 Quin
511 275 569 313 lex
596 275 720 313 eadem
748 277 870 313 monet
897 286 1021 313 omnes

337 329 518 366 Geinitum
547 329 631 365 dare
660 331 753 366 sorte
782 329 850 366 sub
877 340 966 375 una,

337 382 571 429 Cognataque
599 381 728 419 funera
755 382 859 419 nobis

335 434 468 471 Aliena
499 435 537 472 in
565 436 677 472 morte
705 435 837 473 dolore.

387 504 511 542 Sancti
539 506 637 543 sator
664 505 724 543 illc
752 505 899 551 Tobiae,

335 557 442 595 Sacer
469 569 511 595 ac
539 558 755 596 venerabilis
783 558 902 604 horos,

336 609 499 657 Dapibus
526 610 599 647 iam
626 611 695 648 ritc
723 611 862 658 paratis

336 663 400 700 Ius
430 663 602 710 praetulit
621 664 886 711 exsequiarum.

387 733 468 770 Iam
496 733 680 771 stantibus
708 734 768 771 ille
796 734 988 780 ministris,

334 786 493 834 Cyathos
521 788 558 823 et
586 786 722 824 fercula
749 787 870 834 liquit,

333 838 528 886 Studioque
557 839 741 877 accinctus
770 840 961 886 humandi,

334 891 435 930 Fleto
463 891 562 929 dedit
590 903 673 930 ossa
702 892 864 940 sepulcro
894 893 967 940 (1).

387 961 551 999 Veniunt
578 972 660 999 mox
687 962 848 1009 praemia
876 963 989 1008 caclo,

334 1014 565 1062 Pretiumque
592 1015 802 1062 rependitur
830 1016 986 1063 ingens;

333 1067 433 1105 Nam
459 1067 602 1105 lumina
629 1068 753 1105 nescia
780 1068 868 1106 solis

332 1120 431 1158 Deus
458 1120 566 1158 inlita
594 1120 676 1158 felle
705 1123 849 1173 serenat
877 1121 950 1170 (2).

384 1190 465 1227 Iam
491 1192 580 1228 tunc
608 1190 728 1228 docuit
756 1191 866 1229 Pater
893 1191 990 1229 orbis

331 1243 448 1289 Quam
476 1243 526 1281 sit
552 1243 705 1281 rationis
734 1244 860 1291 egenis

331 1296 484 1334 Mordax
511 1298 547 1334 et
574 1308 699 1334 amara
727 1297 880 1343 medela,

330 1349 448 1395 Quum
475 1349 538 1387 lux
565 1349 729 1387 animum
757 1361 852 1388 nova
880 1353 999 1388 vexat.

384 1419 516 1457 Docuit
543 1430 683 1468 quoque
712 1431 785 1457 non
814 1420 915 1468 prius
943 1421 1059 1458 ullum

316 1471 495 1510 caelestia
521 1484 666 1511 cernere
693 1484 822 1520 regna,

331 1525 448 1570 Quam
476 1527 579 1563 nocte
608 1528 643 1563 et
670 1525 817 1563 vulnere
845 1526 944 1564 tristi

331 1577 553 1616 Toleraverit
580 1589 709 1626 aspera
736 1579 877 1616 mundi.

384 1648 485 1686 Mors
512 1648 592 1695 ipsa
619 1648 757 1686 beatior
784 1649 868 1686 inde
897 1651 967 1696 cst,

331 1701 431 1746 Quod
461 1712 524 1748 per
550 1701 773 1739 cruciamina
801 1702 865 1739 leti

330 1753 403 1791 Via
429 1753 603 1801 panditur
629 1754 744 1792 ardua
771 1754 891 1800 iustis,

331 1806 380 1844 Et
406 1807 453 1843 ad
480 1808 581 1844 astra
609 1806 792 1845 doloribus
819 1807 906 1845 itur.

1252 1421 1301 1459 85

1251 1704 1300 1742 90

235 1963 279 2003 (1)
299 1965 410 2002 fleto...
423 1964 578 2003 sepulcro.
591 1964 641 1994 Ita
655 1964 742 1994 codd.
755 1965 1004 2002 praestantiorffi:
1018 1965 1127 1995 Heius.
1139 1967 1171 1995 et
1183 1966 1202 1996 Α
1211 1975 1295 1997 mv&

172 2026 212 2033 —
223 2011 329 2041 Lectio
337 2012 413 2055 fleta
424 2021 496 2041 ossa
511 2012 602 2041 metri
614 2011 730 2047 legibus
745 2012 908 2042 obnititur.
922 2012 1001 2043 Sunt
1015 2013 1067 2050 qui
1082 2013 1186 2050 legant
1205 2015 1282 2052 fietu

235 2068 281 2108 (2)
304 2069 403 2100 inlita
423 2069 508 2109 fene.
533 2069 605 2101 scil.
627 2070 735 2108 piscis.
