1502 2537
383 36 386 43 ,
432 28 453 38 ,0
487 18 537 45 3⁸⁴2*
576 38 582 45 .
630 24 637 31 ·

435 161 722 190 ammon
749 161 900 190 nnmvs
927 162 949 189 X

344 274 438 320 Quia
464 276 598 314 cuncta
624 276 746 313 creata
773 286 917 313 neeesse
945 277 1001 313 est

292 328 489 366 Labefaeta
517 340 700 366 senescere
731 328 895 374 tandem,

291 382 558 429 Compaetaquo
586 381 788 427 djssociari‚

292 435 340 472 Et
369 434 516 472 dissona
543 436 643 472 texta
669 434 795 473 retexi.

344 505 452 542 Hanc
479 505 535 550 tu,
566 505 664 542 Deus
692 505 838 553 optimo,
871 506 1019 542 montem

292 557 454 595 Famulis
481 557 622 595 abolere
650 559 815 605 paratus,

289 611 366 648 Iter
398 610 607 648 inviolabile
635 612 832 656 monstras,

289 664 366 710 Quo
393 663 535 711 perdita
562 664 723 701 membra
750 665 974 711 rosurgant;

343 734 407 780 Ut,
437 733 523 771 dum
551 744 728 781 generosa
755 734 917 780 caducis,

290 788 363 825 Ceu
391 798 531 825 carcere
559 787 700 833 clausa,
730 786 911 834 ligantur,

289 840 382 877 Pars
410 840 475 877 illa
502 839 683 887 potentior
711 841 821 885 extet,

287 893 386 938 Quae
414 904 563 940 germen
591 893 638 930 ab
666 893 810 930 aethere
837 893 963 930 traxit.

340 962 379 1000 Si
405 964 523 1000 terrea
549 962 641 1000 forte
669 962 841 1000 voluntas

287 1016 443 1054 Luteum
471 1016 582 1063 sapit,
613 1017 649 1054 et
675 1027 788 1063 grave
815 1018 960 1063 captat,

286 1068 446 1107 Animus
473 1079 629 1117 quoque,
660 1069 817 1116 pondere
845 1069 978 1115 victus,

288 1122 458 1170 Sequitur
484 1133 552 1160 sua
579 1122 742 1160 membra
769 1122 948 1160 deorsum.

339 1193 392 1230 At
419 1192 466 1238 si,
496 1193 640 1241 generis
665 1203 802 1231 memor
827 1193 927 1241 ignei
957 1192 1030 1241 (1),

288 1245 468 1294 Contagia
495 1246 602 1294 pigra
629 1247 794 1292 recuset,

285 1298 398 1336 Vehit
425 1299 572 1346 hospita
599 1299 739 1337 viscera
768 1310 905 1343 secum,

286 1351 500 1400 Pariterque
527 1353 689 1400 reportat
716 1352 764 1389 ad
792 1354 907 1390 astra.

338 1422 437 1460 Nam
465 1422 561 1470 quod
587 1423 809 1470 requiescere
837 1433 966 1469 corpus

285 1475 451 1513 Vacuum
479 1475 558 1513 sine
586 1477 705 1514 mente
734 1475 912 1520 videmus,

286 1528 451 1575 Spatium
479 1528 585 1566 breve
611 1530 741 1576 restat,
771 1530 812 1566 ut
840 1528 906 1565 alti

286 1582 441 1628 Repetat
467 1581 622 1630 collegia
649 1593 779 1620 sensus
808 1582 880 1630 (2).

339 1651 498 1690 Venient
522 1652 594 1690 cito
622 1651 782 1698 saecula,
814 1663 926 1700 quum
956 1651 1027 1689 iam

285 1704 410 1742 Socius
438 1704 536 1743 calor
563 1715 647 1743 ossa
677 1705 829 1751 revisat,

285 1758 532 1806 Animataque
560 1758 740 1806 sanguine
767 1757 850 1796 vivo

285 1811 509 1849 Habitacula
535 1811 693 1859 pristina
719 1812 851 1859 gestet.

1209 155 1231 189 0'!

1236 154 1258 190 Cf!

1210 664 1258 700 ΞΟ

1208 1247 1256 1284 30

1206 1529 1228 1565 ω

1233 1529 1254 1565 ’ἐπ

1205 1812 1255 1848 40

188 1951 234 1992 (1)
255 1953 354 1992 iqnei.
377 1951 501 1990 Bissyll.
517 1960 570 1990 per
591 1952 688 1990 syniz.
706 1968 743 1974 —
761 1951 931 1987 erzws,
948 1960 1005 1981 uno
1021 1951 1122 1981 Vatic.
1138 1950 1251 1981 fretus:

10 1987 22 2014 ἶ
56 2016 60 2017 ⁷
125 1994 226 2033 tynis.

190 2046 234 2084 (2)
257 2046 320 2076 alti
341 2046 474 2084 Repetat
495 2046 627 2085 colleyia
649 2055 774 2076 sensus.
798 2045 934 2081 Scilicet,
952 2048 986 2075 ut
1008 2045 1128 2075 animae
1143 2053 1252 2082 corpus

126 2086 240 2117 iterum
260 2087 475 2124 coniungatur.
