1502 2537
324 168 432 204 num
461 167 719 204 ΣἹῈΦΑΝΩΝ
750 175 901 202 nYMNVS
929 175 952 202 v
1160 163 1233 200 145

426 289 513 327 Ibat
538 289 742 337 malignum
772 299 1018 334 murmurans,
1041 287 1100 337 (1)

375 341 463 380 Levi
493 342 617 380 volatu
644 341 860 385 exterritus;

0 398 9 431 i
377 395 625 443 Praedamque
653 395 771 433 visam
800 394 946 442 fugerat

0 436 15 521 ᾗ
377 448 546 486 Custodis
574 448 731 486 imbellis
758 447 883 487 minis.
1157 447 1232 483 420

0 499 16 557 ἶ*
430 502 519 547 Quis
546 501 711 539 audienti
738 501 845 546 talia,

0 534 26 594 ἰ’
378 555 552 600 Dutiane,
582 557 669 592 tunc
698 566 828 592 sensus
856 553 953 591 tibi?

379 608 535 653 Quantis
563 610 765 655 gementem
794 606 945 654 spiculis

382 661 535 704 Pigebat
562 660 727 698 occultus
756 660 884 697 dolor?

431 714 546 759 Quum
576 717 611 751 te
640 713 815 760 perempti
842 712 1002 760 corporis
1157 711 1233 748 425

0 760 15 821 Ιῗ
378 766 522 803 Virtute
550 767 685 804 victum
713 777 891 812 cerneres,

378 818 476 866 Ipsis
504 820 539 856 et
568 819 685 867 impar
712 819 871 864 ossibus,

0 846 14 918 ἰ
383 872 585 920 Vacuisque
614 873 686 909 iam
715 872 884 909 membris
912 871 1057 909 minor?

431 925 500 963 Sed
528 925 624 973 quis,
654 927 810 973 tyranne
838 924 1019 972 pertinax,

378 978 488 1016 Hunc
516 978 749 1025 impotentem
777 978 946 1025 spiritum
976 978 1033 1026 (2)
1160 975 1236 1014 430

378 1031 644 1069 Determinabit
671 1031 819 1069 exitus?

377 1083 516 1122 Nullus
542 1096 588 1122 ne
614 1086 650 1122 te
678 1083 826 1132 franget
852 1084 1008 1121 modus?
1028 1096 1050 1118 »
1080 1104 1132 1110 —

431 1150 454 1173 «
466 1159 510 1164 -
522 1137 673 1183 Nullus3
690 1148 757 1175 nec
770 1148 943 1184 umquam
959 1137 1141 1182 desinam;
1174 1137 1235 1185 (3)

377 1190 489 1236 Nam,
520 1190 552 1228 si
581 1190 700 1228 ferina
727 1190 938 1227 immanitas

375 1243 617 1290 mansuescit,
648 1245 684 1281 et
711 1243 904 1281 elementia
1160 1242 1236 1281 435

377 1297 510 1335 Cervos
538 1307 685 1335 voraces
712 1296 874 1344 mitigat,

430 1350 596 1398 Mergam
623 1350 778 1388 cadaver
806 1349 1000 1387 fluetibus:

377 1403 519 1441 Insana
545 1414 747 1451 numquam
774 1402 967 1451 naufragis

376 1455 545 1503 Ignoscit
571 1456 687 1503 unda,
717 1457 753 1494 et
785 1467 974 1503 spumeum

375 1509 505 1547 Nescit
531 1507 751 1556 profundum
778 1520 938 1556 parcere.
1159 1508 1237 1546 440

430 1563 508 1600 Aut
535 1573 674 1609 semper
701 1562 778 1599 illic
805 1561 949 1600 mobilis

376 1614 523 1651 Incerta
551 1626 613 1662 per
640 1615 798 1652 ludibria

375 1666 494 1714 Vagis
522 1666 656 1705 feretur
682 1668 831 1705 flatibus
861 1667 939 1715 (4),

376 1720 576 1768 Squamosa
603 1731 757 1768 pascens
785 1720 960 1769 agmina3

173 1856 217 1894 (1)
239 1856 435 1893 mali-quum,
459 1854 628 1886 adverbial.
651 1863 705 1892 pro
727 1855 874 1891 maligne.

174 1908 219 1946 (2)
241 1909 452 1946 impotentem,
476 1916 534 1937 non
556 1908 723 1945 potentem,
747 1907 886 1937 debilem.

175 1960 220 2000 (3)
242 1961 369 1990 nullus.
386 1960 510 1990 Dec-iani
528 1960 601 1990 haec
616 1962 691 1990 sunt
706 1960 809 1995 verba,
828 1961 914 1990 cuius
930 1961 1014 1990 ieeur
1030 1961 1100 1990 bilis
1116 1961 1234 1991 urebat.

174 2013 220 2052 (4)
246 2013 345 2052 Vayis
364 2013 487 2051 feretur
505 2013 651 2049 flatibus,
678 2012 850 2051 complures·
866 2013 951 2044 codd.
969 2014 1048 2051 apud
1063 2014 1172 2044 Huius.
1199 2031 1236 2035 —-

110 2053 283 2090 Rvnurr„
307 2055 420 2091 aliique
439 2055 602 2091 fluctibus.
625 2054 764 2085 Glsznm.
787 2056 819 2084 et
847 2055 962 2085 multae
990 2056 1081 2086 editt.
1112 2057 1238 2085 austris

111 2095 234 2135 feretur
250 2096 395 2134 flatibus,
418 2098 473 2126 aut
491 2096 660 2133 flantibus.

145 2171 179 2199 Α.
199 2170 355 2198 Pavonum
378 2171 476 2207 Opera.
1132 2173 1166 2200 10
