1502 2537
332 160 441 197 ΠΕΡΙ
468 161 728 199 ΣΤΕΦΑΝΩΝ
757 171 907 199 nnmvs
935 172 957 199 x
1135 161 1210 200 217

197 282 371 325 Nestoris,
402 295 531 321 esmona
562 287 637 322 tuin
666 296 816 332 repexus
844 297 966 325 aurea.

196 335 326 373 Chlctu
354 337 496 375 Gabino
526 338 586 386 (1)
616 338 766 375 sericam
797 338 910 376 fultus
939 342 1075 385 togam.
1111 338 1209 375 1015

247 400 397 437 Tabulis
424 413 577 448 superne
605 404 721 439 strata
748 404 875 439 texunt
902 403 1058 450 pulpita,

195 452 344 490 Rimosa
372 454 444 491 ruri
474 455 653 501 pegmatis
680 456 930 502 compagibus,

194 506 374 543 Scindunt
400 507 552 545 subinde
582 508 636 545 vel
665 509 850 545 terebrant
877 520 1014 554 ari—ann,

195 559 395 606 Crebroque
422 560 564 607 lignum
593 562 777 607 perforant
803 562 984 607 acumine,

195 611 326 649 Pateat
353 612 505 650 minutis
533 616 574 651 ut
600 613 769 661 frequens
796 614 972 651 hiatibus,
1109 614 1208 650 10-’0

249 676 330 714 Huc
357 678 485 715 taurus
514 677 660 725 ingens,
681 678 799 715 fronto
827 681 929 716 torva
958 681 993 715 et
1021 679 1180 726 hispida,

193 729 306 767 Sertis
334 730 517 768 revinctus
545 733 609 768 aut
636 743 698 778 pei·
725 742 844 768 armos
872 732 1005 777 floreis,

195 783 272 820 Aut
299 783 483 830 impeditis
510 784 693 829 cornibus,
725 784 934 821 deducitur:

194 835 273 872 Nec
301 847 373 873 non
402 839 438 873 et
465 847 554 873 auro
582 837 682 873 frons
711 839 876 874 coruscat
904 837 1058 883 hostiae,

193 889 366 936 Setasque
394 888 515 937 fulgor
541 889 734 927 bractealis
762 890 892 927 inficit.
1112 891 1209 927 1025

249 952 335 998 Hic,
364 954 406 990 ut
433 955 572 990 statuta
600 955 655 990 cst
683 953 904 990 immolanda
932 954 1067 1001 bellua,

194 1005 327 1043 Pectus
354 1007 499 1043 sacrata
527 1006 696 1043 dividunt
724 1006 925 1043 venabula:

192 1058 347 1096 Emctat
371 1058 533 1106 amplum
561 1059 695 1097 vulnus
721 1059 857 1096 undam
885 1060 1079 1107 sanguinis

192 1110 396 1156 Ferventis,
427 1111 536 1159 inquo
563 1114 663 1149 texta
690 1112 812 1159 pontis
841 1113 977 1150 subditi

193 1163 330 1201 Fundit
343 1175 516 1211 vaporum
533 1164 666 1202 fiumen
684 1165 759 1214 (2),
776 1167 812 1202 et
825 1165 898 1202 late
913 1167 1069 1203 aestuat.
1109 1166 1207 1203 1030

196 1232 202 1239 ‘
244 1229 335 1266 Tum
363 1239 426 1276 per
453 1228 659 1276 frequentes
687 1229 786 1266 mille
813 1229 986 1266 rimarum
1016 1231 1094 1267 vias

191 1280 366 1329 Inlapsus
393 1281 506 1319 imber
535 1282 611 1330 (3),
641 1283 806 1320 tabidum
832 1294 947 1320 rorem
976 1284 1084 1330 pluit,

192 1333 367 1372 Defossus
394 1334 495 1372 intus
523 1346 627 1382 quem
655 1335 823 1373 sacerdos
849 1335 994 1383 excipit.

192 1387 325 1425 Guttas
353 1387 400 1424 ad
428 1399 552 1425 omnes
579 1389 682 1435 turpe
712 1388 921 1426 subiectans
949 1391 1073 1436 caput,

191 1439 241 1477 Et
266 1441 365 1478 veste
393 1441 430 1477 et
455 1451 559 1478 omne
587 1441 794 1488 patefactus
820 1452 978 1488 corpore.
1108 1441 1207 1479 1035

244 1503 339 1550 Quin
367 1514 407 1542 os
434 1504 597 1551 supinat,
627 1505 752 1542 obvias
780 1505 883 1542 offert
910 1517 1038 1552 genas,

190 1556 370 1604 Supponit
395 1568 516 1603 aures,
545 1557 663 1603 labra,
695 1569 802 1595 nares
830 1558 968 1605 obiicit,

191 1609 324 1648 Oculos
351 1610 388 1647 et
413 1609 512 1657 ipsos
539 1610 672 1657 perluit
696 1610 920 1658 liquoribus;

191 1662 270 1700 Nec
298 1662 371 1700 iam
397 1662 522 1710 palato
548 1663 681 1710 parcit,
711 1665 748 1701 et
774 1663 941 1711 linguam
969 1663 1081 1711 rigat,

191 1715 313 1754 Donec
339 1725 500 1753 cruorem
526 1716 625 1754 totus
652 1718 772 1754 atrum
799 1716 995 1754 combibat.
1107 1716 1207 1754 1040

147 1839 192 1878 (1)
214 1839 321 1868 cinctu
343 1838 477 1869 Gabino.
510 1838 603 1868 Ssuv.
627 1839 671 1867 ad
692 1840 772 1868 Aen.
799 1838 854 1868 VII
869 1862 876 1875 ,
905 1839 978 1874 612,
1012 1839 1085 1868 liucc
1119 1843 1206 1868 notat

85 1880 122 1910 de
143 1881 246 1910 cinctu
267 1880 399 1910 Gabino:
425 1890 441 1906 α
465 1879 589 1909 cinctus
611 1888 648 1909 ex
670 1881 743 1915 toga
763 1880 807 1909 sic
830 1881 861 1909 in
883 1882 1002 1916 tergum
1029 1882 1156 1915 reiecta,
1173 1884 1206 1910 nt

86 1922 150 1951 inm
169 1921 234 1951 oius
255 1921 371 1951 lacinia
393 1929 410 1949 a
432 1923 518 1956 tergo
540 1921 665 1954 reiecta,
690 1920 841 1951 hominem
870 1922 1018 1958 cingeret.
1041 1932 1059 1950 »
1084 1922 1116 1951 V.
1147 1923 1205 1951 No-

85 1970 189 1993 mswu
214 1963 319 1993 Cenat.
342 1963 459 1992 Pisan.
483 1963 620 1992 Dissert.
643 1961 700 1998 111,
723 1962 795 1992 637.

161 2020 194 2059 2)
216 2021 354 2051 Flumen
377 2029 542 2058 vaporum.
559 2020 723 2057 Sanguinis
737 2020 830 2050 calidi
847 2020 878 2049 in
891 2029 1029 2058 vaporem
1045 2021 1204 2051 elabentis.

149 2078 194 2118 (3)
213 2079 366 2119 inlapsus
387 2078 497 2116 imber,
522 2079 648 2109 influens
669 2078 774 2117 pluvia
795 2079 964 2110 decidentis
984 2080 1152 2117 sanguinis.
