1450 2537
203 123 277 162 106
542 136 689 164 Avaam
753 136 951 163 PRVDENTII

411 250 576 288 Vittatus
604 250 689 288 olim
717 249 880 297 pontifex
1245 251 1320 288 255

357 303 531 341 Adscitur
556 303 596 341 in
624 304 772 352 signum
800 302 948 348 Crucis3

357 356 578 404 Aedemque,
610 357 816 402 LAVRENT1‚
846 357 949 393 tuam

358 409 520 447 Vestalis
547 409 662 447 intrat
690 409 845 447 Claudia
874 408 949 458 (1).

410 479 440 517 Ο
468 480 524 517 ter
551 481 748 527 quaterque
777 480 813 517 et
840 479 973 527 septies

356 533 491 570 Beatus
519 532 628 570 Urbis
656 532 791 579 incola,

357 585 426 630 Qui
453 587 503 632 te,
534 597 577 623 ac
603 588 749 624 tuorum
776 585 941 624 cominus

356 638 481 675 Sedem
509 639 668 676 celebrat
695 650 870 685 ossuum3

410 709 477 746 Cui
504 711 653 756 propter
681 709 828 747 advolvi
854 709 940 747 licet
969 708 1053 758 (2):

357 761 426 807 Qui
454 762 600 800 fletibus
629 762 772 810 spargit
798 762 932 808 locum,

355 815 425 860 Qui
450 816 576 862 peetus
604 815 643 852 in
670 817 806 853 terram
832 815 977 863 premit,

357 868 426 914 Qui
453 870 539 906 vota
566 868 689 906 fundit
715 880 901 907 murmura
931 869 1014 917 (3)!

408 939 488 976 Nos
516 939 635 977 Vasco
664 939 824 977 Hiberus
853 939 985 977 dividit
1014 939 1090 989 (4),

354 992 434 1030 Nos
461 992 559 1030 binis
585 994 741 1030 remotos
769 992 928 1040 Alpibus
958 992 1034 1042 (5),

355 1046 474 1083 Trans
503 1046 753 1083 Cottianorum
780 1046 882 1094 iuga,

355 1098 474 1136 Trans
502 1100 538 1136 et
565 1099 728 1147 Pyrenas
755 1098 968 1147 ninguidos.
1249 1099 1324 1137 540

1253 535 1282 570 &57

1277 534 1297 571 §.0

1302 534 1325 571 O

1249 818 1271 853 U(

1275 817 1297 854 CO

1303 818 1324 854 «ω

259 1259 303 1297 (1)
331 1258 478 1294 Vestalis,
504 1258 657 1288 Claudia.
681 1257 813 1288 Vestalis
845 1259 893 1288 est
914 1258 1041 1289 Claudia
1073 1258 1139 1293 illa,
1164 1266 1241 1295 quae
1262 1267 1324 1288 om-

196 1306 284 1335 nibus
317 1306 509 1335 innocentiae
529 1314 602 1334 suae
624 1305 712 1334 fidem
746 1305 885 1340 factura,
915 1306 1032 1335 dicitur
1063 1305 1185 1341 cingulo
1217 1314 1270 1335 suo
1293 1306 1324 1335 in

195 1354 311 1382 siecum
332 1353 423 1382 littus
439 1353 571 1382 traxisse
593 1353 752 1388 navigium
774 1361 894 1382 sacrum
917 1353 1047 1389 Magnae
1069 1353 1176 1383 Matri.
1199 1352 1236 1382 V.
1260 1353 1323 1383 Sil.

196 1401 274 1430 Ital.
291 1400 390 1436 XVII,
413 1400 470 1435 34;
495 1400 585 1430 Ovm.
602 1401 731 1430 Fastor·
746 1399 805 1435 1V;
822 1402 855 1429 et
869 1402 1007 1429 nostrum
1024 1401 1147 1430 Contra
1163 1401 1324 1438 Symmac.

230 1448 286 1477 sub
307 1447 359 1477 fin.

260 1505 303 1543 (2)
325 1507 378 1535 cui
393 1508 530 1544 propter
551 1506 622 1535 licet
643 1506 781 1536 advolvi.
804 1505 934 1543 Propter
955 1505 1079 1536 adverb.
1107 1514 1161 1544 pro
1183 1514 1217 1536 eo
1244 1506 1324 1542 quod

195 1554 242 1583 est
262 1561 366 1590 prope.

259 1612 303 1649 (3)
325 1614 398 1641 vota
420 1621 606 1641 murmura.
630 1612 738 1641 Preces
760 1612 893 1647 votivas,
910 1611 1074 1648 obligatas.
1090 1611 1126 1648 In
1141 1611 1197 1642 hoc
1213 1611 1325 1650 hymno

196 1659 259 1688 iam
281 1659 414 1688 vidimus
437 1662 524 1688 votas
546 1669 618 1697 opes
641 1660 683 1697 (v.
701 1659 767 1697 44).
792 1659 850 1698 Qui
873 1668 1043 1688 ›nm-mure
1055 1659 1164 1695 legunt
1179 1659 1255 1688 mihi
1273 1660 1324 1689 ab·

195 1706 278 1735 surdi
301 1706 454 1736 videntur.

259 1765 302 1802 (4)
325 1766 392 1795 Nos
420 1766 516 1795 Vasco
546 1766 687 1794 Hiberus
719 1766 849 1795 dividit.
876 1765 937 1794 Nos
970 1765 1038 1794 scil.
1073 1765 1224 1803 Hispanos
1257 1765 1325 1795 Iber

196 1812 305 1841 fluvius
326 1813 468 1848 secernit,
496 1814 547 1849 qui
571 1813 719 1842 Vascones
742 1813 833 1842 alluit
855 1814 886 1842 et
909 1812 1034 1842 dividit.

258 1871 302 1908 (5)
324 1871 409 1901 binis
430 1875 564 1901 remotos
579 1872 721 1909 alpibus.
748 1872 871 1901 Divisos
894 1872 1013 1908 alpibus
1028 1871 1193 1908 Pyrenaeis
1208 1872 1239 1901 et
1255 1871 1323 1901 Cot-

195 1919 301 1948 tianis.
324 1919 461 1948 Iamvero
483 1919 645 1949 Cottianae
661 1919 751 1956 Aipes
773 1919 811 1948 ad
827 1919 944 1948 radices
960 1918 1074 1948 montis
1097 1918 1199 1947 Vesuli
1221 1919 1254 1947 in
1269 1918 1321 1948 Su-

194 1966 327 2003 balpinis
358 1974 466 1995 nomen
496 1968 678 2003 acceperunt
712 1975 730 1996 a
766 1975 835 2002 rege
871 1965 974 1996 Cottio
1009 1965 1159 2002 huiusque
1190 1966 1325 1995 nominis

194 2013 304 2050 primo.
328 2013 365 2044 V.
390 2014 493 2043 Cenni
515 2014 628 2043 stov-ici
648 2023 689 2043 su
710 2013 892 2051 Aviyliana
913 2022 928 2041 e
951 2013 1036 2042 Susa
1057 2012 1104 2042 del
1126 2012 1224 2042 Padre
1245 2012 1322 2042 PLA-

194 2068 265 2090 cmo
287 2060 389 2090 Bacco
412 2060 451 2090 da
472 2061 618 2097 Giaveno,
641 2060 708 2091 Vol.
731 2061 763 2096 13
787 2061 875 2097 Susa,
897 2060 965 2098 Tip.
989 2060 1089 2096 Gatti,
1107 2060 1200 2091 1881.
