1450 2537
205 138 280 177 102
584 148 733 175 AVRELH
761 147 958 174 annssx‘rn

416 261 725 299 Confoederantur
751 259 875 298 omnia
905 258 963 308 (1)

363 314 462 352 Hine
490 314 574 351 inde
602 314 763 351 membra
790 313 830 350 in
857 312 1085 361 symbolum3

362 367 588 405 Mansuescit
615 367 712 405 orbis
740 366 927 403 subditus:

362 421 596 458 Mansuescat
623 421 659 457 et
687 430 867 457 summum
895 419 1005 465 caput
1034 417 1108 465 (2).
1251 418 1327 454 440

416 473 608 518 Advertat,
639 472 832 510 abiunctas
860 471 991 519 plagas

363 526 463 563 Coire
491 526 531 562 in
559 537 672 562 unam
699 525 881 571 gratiam3

362 579 445 616 Fiat
473 578 591 616 fidelis
619 578 795 616 Romulus
825 577 899 626 (3),

361 632 410 668 Et
436 631 512 678 ipse
540 631 614 668 iam
642 631 766 669 credat
792 631 928 668 Numa.

414 684 614 722 Confundit
641 696 738 722 error
765 683 914 722 Troicus
943 683 1002 732 (4)
1250 680 1326 719 445

360 738 492 775 Adhuc
521 738 699 776 Catonum
727 737 879 783 curiam,

360 791 564 829 Veneratus
592 791 744 828 occultis
771 790 860 828 focis

361 844 551 891 Phrygum
577 846 728 891 penates
756 843 895 881 exules.

411 897 547 934 Ianum
573 897 782 942 bifrontem,
813 898 850 934 et
877 896 1077 934 Sterculum
1108 895 1167 944 (5)

359 949 454 988 Colit
480 951 635 988 Senatus
665 950 807 998 (horreo
1250 947 1327 985 450

358 1004 427 1040 Tot
452 1005 616 1041 monstra
642 1005 788 1050 patrum
815 1002 964 1051 dicere),

359 1057 408 1094 Et
433 1055 529 1094 festa
555 1056 704 1093 Saturni
731 1055 830 1094 senis
859 1055 933 1105 (6).

411 1110 606 1156 Absterge,
638 1109 794 1155 Christe,
824 1109 892 1147 hoc
919 1109 1087 1155 dedecus,

360 1162 496 1200 Emitte
525 1162 673 1201 Gabriel
701 1165 818 1208 tuum,

358 1217 550 1264 Agnoscat
574 1217 617 1253 ut
643 1227 768 1253 verum
795 1216 910 1253 Deum
941 1215 1000 1264 (7)
1251 1215 1326 1251 455

358 1269 503 1307 Errans
530 1268 606 1307 Iuli
633 1269 804 1306 caecitas.

264 1340 308 1376 (1)
333 1339 609 1376 Confoederantur
640 1339 790 1368 omnia...
819 1339 1028 1367 Mansuescat
1051 1337 1149 1368 orbis.
1172 1337 1222 1367 Ita
1253 1345 1326 1367 mss.

202 1381 402 1418 probatiores,
415 1382 447 1410 et
457 1380 563 1411 Aldus.
577 1396 616 1401 —
630 1380 936 1417 Confoederentur...
950 1381 1147 1409 mansuescit
1155 1379 1242 1408 orbis
1255 1387 1327 1408 non-

201 1422 302 1452 nullae
323 1422 429 1457 edit-t„
452 1430 526 1457 quas
548 1430 616 1451 cum
639 1422 774 1451 Giselino
797 1421 886 1459 parvi
908 1421 1058 1451 ducimus.

265 1464 307 1501 (2)
329 1467 359 1492 et
379 1473 543 1492 summum
564 1466 674 1501 caput.
698 1463 807 1498 Roma,
830 1465 924 1499 caput
943 1463 1025 1492 orbis
1045 1463 1209 1491 terrarum.

263 1505 306 1541 (3)
327 1505 433 1541 fidelis
460 1504 634 1535 Romulus.
662 1504 792 1534 Romani
819 1504 972 1542 principes
1006 1503 1122 1534 Christi
1154 1503 1328 1533 doctrinam

202 1546 424 1583 amplexentur.

264 1588 307 1624 (4)
332 1587 511 1624 C'onfzmdit
531 1596 624 1616 error
647 1587 794 1616 Troicus.
818 1586 1010 1616 Vetustiores
1034 1579 1200 1615 Romanor.
1223 1594 1328 1615 narra·
1372 1588 1381 1597 ·

202 1629 300 1658 tiones
319 1629 609 1665 superstitionesque
630 1627 682 1657 hic
704 1629 825 1664 tangit:
849 1627 1001 1657 Romanos
1022 1627 1141 1657 scilicet
1156 1636 1175 1656 a
1188 1627 1329 1656 Troianis

201 1670 358 1699 oriundos:
376 1670 583 1706 Phrygiosque
598 1670 739 1704 Penates,
753 1678 826 1706 quos
841 1669 958 1699 Aeneas
974 1670 1005 1698 in
1020 1669 1145 1698 Italiam
1161 1668 1326 1699 intulerat:

201 1713 314 1747 ignem,
339 1720 427 1747 quem
451 1711 585 1741 Vestales
607 1711 797 1741 custodirent
819 1711 851 1740 in
866 1711 980 1740 abditis
995 1709 1325 1746 1·eligiosissime;alia-

203 1762 259 1789 que
283 1753 313 1781 id
335 1761 439 1788 genus.

264 1796 307 1829 (5)
331 1795 387 1831 qui
409 1794 623 1823 stercorandi.
637 1793 731 1823 Docet
751 1801 804 1823 nos
826 1793 1007 1823 Lactantius
1022 1793 1081 1830 (De
1095 1793 1198 1822 Falsa
1218 1792 1326 1830 Reliq.

202 1836 227 1868 Ι,
251 1835 335 1872 XX.)
358 1844 438 1869 eum,
463 1835 514 1871 qui
537 1836 653 1872 primus
675 1843 763 1871 agros
783 1835 974 1865 stercorandi
997 1835 1147 1864 rationem
1161 1834 1278 1869 docuit,
1296 1834 1328 1863 in

202 1877 328 1907 Deorum
352 1885 473 1905 censum
495 1876 588 1906 fuisse
609 1876 752 1906 relatum.

263 1919 307 1954 (6)
330 1918 425 1946 Festa
457 1918 597 1948 Saturni
623 1918 720 1948 senis.
751 1917 793 1948 De
826 1917 1040 1947 Saturnalibus
1071 1916 1148 1946 vide
1179 1916 1325 1946 Mrenos.

202 1959 407 1989 Satur-nolio.
431 1959 457 1994 I,
480 1959 537 1989 VH
558 1961 591 1989 et
611 1960 749 1989 nostrum
773 1959 894 1988 Contra
916 1959 1041 1996 Symm.
1063 1958 1090 1994 Ι,
1112 1958 1165 1993 42,
1187 1961 1220 1988 et
1240 1965 1326 1994 seqq.

265 2001 308 2037 (7)
330 2002 491 2038 Aynoscat
513 2003 550 2029 ut
570 2010 680 2030 verum
702 2002 848 2031 Deum...
870 2001 964 2030 Deum
996 2001 1164 2036 agnoscant
1195 1999 1327 2028 Romani

202 2042 419 2078 caecutientes,
433 2042 485 2079 qui
507 2042 546 2072 ab
561 2042 694 2072 Ascanio
708 2042 785 2078 Iulo,
802 2041 920 2072 Aeneae
935 2041 1008 2078 filio,
1024 2041 1171 2078 originem
1187 2041 1327 2071 ultimam

203 2083 330 2114 ducunt.
1126 2103 1128 2105 ·
