1502 2537
664 30 693 36 -.
787 0 1128 37 qf-„'.4.-.A.-.‚4.
1178 0 1183 2 ψ
1232 0 1268 12 -.

371 148 484 185 ΠΕΡΙ
509 148 768 184 ΣἿῈΦΑΝΩΝ
797 154 949 183 nnmvs
976 155 1016 183 lv
1207 143 1276 181 121

317 269 459 308 Nomen
479 270 546 308 hoc
566 269 625 318 (1)
646 280 810 317 gemmae
830 268 994 316 strophio
1013 267 1177 315 illigatae
1232 268 1280 304 25

261 321 434 360 Emicant
461 323 564 361 iuxta
589 323 729 370 lapides
757 322 914 369 gemelli,
955 322 1013 370 (2)
1082 319 1172 371 [estx

262 375 378 414 Ardet
405 376 575 424 splendor
603 376 730 424 parilis
758 376 910 413 duorum

581 430 674 477 Igne
702 440 863 467 corusco.

316 495 437 532 Parva
464 494 611 532 Famem
639 494 747 532 decus
775 492 959 532 exhibebit

261 547 426 585 Artubus
454 547 594 585 sanctis
620 547 782 594 locuples
810 546 1004 585 Gerunda:
1029 545 1087 591 (3)
1231 546 1281 581 :30

263 601 400 638 Nostra
427 600 589 648 gestabit
616 600 829 648 Calagurris
857 600 997 645 ambos,
1037 599 1094 646 (4)

579 653 675 699 Quos
703 664 932 691 veneramur.

313 718 498 756 Barcinon
527 717 626 755 claro
655 718 876 756 CVCVPIIATE
903 716 999 754 freta

259 771 406 818 Surget,
435 773 472 808 et
500 771 626 808 PAvno
655 771 820 818 speciosa
847 771 1002 808 Narbo:

258 824 379 873 Teque
406 824 636 872 praepollens
665 823 798 862 Arelas
827 824 990 869 habebit,
1232 824 1280 857 „5

577 878 708 915 Sancte
736 878 887 915 GENESI.
912 877 969 924 (5)

312 941 572 979 Lusitanorum
599 943 711 989 caput
738 941 951 988 oppidorum
982 941 1041 990 (6)

260 994 370 1040 Urbs,
401 995 573 1032 adoratae
601 995 740 1032 cineres
768 994 909 1042 puellae
939 995 997 1042 (7)

260 1047 416 1086 Obviam
445 1048 590 1086 Christo
616 1048 778 1095 rapiens,
810 1047 858 1084 ad
886 1058 989 1084 aram

579 1100 748 1149 Porriget
775 1101 909 1149 ipsam.
1231 1099 1280 1135 40

215 1276 261 1317 (1)
284 1278 407 1308 Nomen
428 1278 523 1310 hoo...
539 1278 701 1317 illigatae,
715 1278 783 1308 scil.
799 1278 974 1308 Fructuosi.
991 1294 1030 1300 —
1046 1277 1205 1315 illiyatae,
1223 1276 1281 1305 dun

150 1324 270 1356 Vaticc.
285 1325 431 1363 potiores,
446 1325 571 1362 Hiems„
593 1327 626 1356 et
640 1326 849 1361 Rvmannvs,
866 1326 919 1362 qui
934 1326 1034 1354 totum
1051 1324 1196 1361 hymnum
1212 1333 1279 1353 cum

149 1372 251 1402 tribus
272 1373 498 1409 antiquissimis
528 1373 683 1403 codicibus
715 1373 859 1403 contulit.
882 1373 917 1402 In
939 1373 1050 1402 ceteris
1071 1371 1159 1401 codd.
1185 1371 1279 1400 Weit-

148 1419 248 1450 zianis
268 1421 302 1449 et
315 1419 488 1456 Vaticanis,
505 1422 571 1450 tum
588 1421 618 1450 iu
641 1421 717 1451 edit.
734 1420 1006 1450 Amstelodamensi
1029 1420 1076 1449 est
1097 1419 1277 1456 illiycamn.

215 1472 260 1512 (2)
282 1473 426 1512 Lapides
443 1474 582 1512 yemelli.
606 1474 730 1504 Perstat
745 1475 776 1503 in
797 1473 934 1510 metaph.
959 1481 978 1502 a
1007 1472 1162 1510 lapidibus
1195 1480 1278 1508 prae-

149 1519 239 1550 tiosis
259 1521 374 1558 petita,
396 1522 490 1557 atque
516 1521 688 1558 Augurium
722 1521 941 1558 Eulogiumque
969 1522 1060 1550 vocat
1084 1519 1202 1557 lapides
1229 1527 1278 1554 ge-

151 1566 267 1598 melios.

211 1619 258 1658 (3)
280 1621 458 1657 Gerunda,
481 1630 560 1651 nunc
583 1622 729 1660 Girona;
751 1630 847 1660 parva
877 1621 948 1651 urbs
971 1621 1003 1650 in
1029 1619 1183 1658 Hispania
1205 1619 1276 1649 Tar-

148 1668 321 1704 raconensi,
343 1677 396 1699 seu
419 1668 576 1699 citeriori.

213 1720 259 1759 (4)
277 1722 426 1760 qestabit.
442 1722 492 1752 Ita
506 1722 592 1752 codd.
610 1731 681 1751 mss,
699 1722 864 1759 Pei-peram
891 1721 1063 1752 Carmanis
1083 1720 1275 1759 praestabit.

149 1783 189 1790 —
201 1767 398 1808 Calagurris
413 1769 534 1806 ambos,
549 1769 617 1799 scil.
630 1769 831 1805 Emeterium,
845 1770 876 1798 et
888 1767 1154 1804 Chelidonium‚de
1169 1768 1278 1804 quibus

148 1814 183 1846 in
205 1814 317 1853 hymno
338 1816 364 1847 1.

212 1868 258 1908 (5)
280 1869 313 1900 S.
339 1870 464 1900 Genesi.
488 1870 555 1900 Non
580 1869 806 1900 confundendus
821 1878 889 1900 eum
904 1869 934 1900 S.
951 1869 1077 1899 Genesio
1102 1868 1208 1903 mimo,
1226 1867 1276 1904 qui

147 1916 182 1946 ot
201 1917 353 1955 martyrio
375 1919 425 1948 est
447 1918 638 1948 honestatus.
663 1917 699 1949 V.
715 1917 875 1947 Rvan'r.
892 1918 975 1947 Acta
994 1917 1140 1951 Sincera,
1156 1924 1186 1953 p.
1204 1915 1276 1945 472.

211 1968 257 2008 (6)
279 1971 470 2001 Lusitanor.
493 1974 591 2010 caput
622 1971 770 2010 oppidor.
805 1971 946 2007 Augusta
974 1969 1125 2006 Emerita,
1155 1969 1192 1999 de
1218 1977 1277 2005 qua

149 2015 221 2046 vide
242 2017 314 2050 init.
338 2019 485 2049 carminis
506 2019 563 2050 HI.

214 2069 259 2109 (7)
274 2072 424 2111 puellae:
446 2072 598 2103 Eulaliae.
