1450 2537
181 113 203 151 8
311 137 313 142 .
555 122 704 150 AVB-sm
733 121 931 149 PRVDENTII

391 235 482 272 Inde
510 236 579 280 est,
611 235 705 282 quod
733 245 857 272 omnes
885 232 1079 279 credimus,
1256 234 1306 272 65

337 289 408 326 Illo
436 288 567 336 quietis
595 295 766 334 tempore,

339 342 415 387 Quo
443 341 566 389 gallus
594 340 781 378 exsultans
809 338 924 385 canit,

340 394 524 431 Christum
552 394 686 431 redisse
715 404 757 430 ex
786 391 927 429 inferis.

391 447 492 484 Tunc
519 446 645 483 mortis
673 457 865 493 oppressus
893 444 998 492 vigor
1027 444 1102 493 (1),

339 500 440 537 Tunc
468 500 525 536 lex
553 500 703 536 subacta
731 499 787 535 est
813 498 972 543 Tartari,
1257 498 1306 536 70

341 553 441 589 Tunc
469 552 525 589 vis
554 552 624 589 diei
652 551 777 589 fortior

340 606 492 642 Noctem
521 606 638 652 coegit
666 604 801 642 cedere.

394 658 474 695 Iam
503 658 576 694 iam
605 658 795 705 quiescant
822 656 999 704 improba,

339 711 421 748 Iam
449 711 556 757 culpa
584 710 689 747 furva
717 710 933 756 obdormiat,

339 765 421 802 Iam
449 774 543 801 noxa
569 763 690 801 letalis
718 775 824 801 suum
1258 763 1307 801 75

342 817 517 863 Perpessa
545 827 711 854 somnum
739 817 912 854 marceat.

392 869 493 916 Vigil
521 869 682 907 vicissim
710 869 860 917 spiritus

340 923 595 969 Quodcumque
623 924 737 960 restat
764 922 952 970 temporis,

341 976 436 1012 Dum
464 977 560 1012 meta
587 975 704 1013 noctis
731 975 927 1022 clauditur,

340 1029 448 1066 Stans
477 1040 518 1065 ac
545 1029 716 1066 laborans
744 1029 907 1066 excubet.
1259 1028 1309 1066 80

395 1081 517 1118 Iesum
545 1082 684 1119 ciamus
712 1081 860 1119 vocibus
891 1081 965 1130 (2),

343 1134 504 1180 Flentes,
536 1135 739 1181 precantes,
771 1134 904 1172 sobrii:

342 1187 493 1224 Intenta
522 1187 740 1234 supplicatio

342 1240 504 1277 Dormire
533 1251 593 1277 cor
619 1240 796 1278 mundum
824 1241 924 1278 vetat
952 1241 1025 1289 (3).

394 1294 457 1330 Sat
484 1293 687 1330 convolutis
715 1294 882 1340 artubus,
1258 1294 1309 1332 85

343 1346 495 1383 Sensum
522 1345 703 1393 profunda
731 1346 864 1384 oblivio

343 1399 495 1445 Pressit,
526 1399 709 1446 gravavit,
741 1400 861 1437 obruit

343 1452 460 1489 Vanis
488 1453 686 1499 vagantem
714 1452 880 1490 somniis.

395 1505 488 1542 Sunt
515 1517 642 1552 nempe
670 1505 766 1543 falsa
794 1507 830 1543 et
856 1505 1003 1553 frivola,

343 1558 440 1604 Quae
469 1558 647 1596 mundiali
675 1559 793 1607 gloria
825 1558 900 1609 (4),
1259 1559 1312 1598 90

249 1691 292 1731 (1)
315 1693 416 1730 viyor.
432 1693 571 1722 Deterior
581 1693 659 1723 mihi
674 1693 764 1724 lectio
787 1694 909 1725 videtur
928 1695 1033 1733 νιζᾳον,
1048 1702 1139 1732 quam
1149 1695 1313 1726 stamnvs

185 1734 217 1763 et
240 1734 350 1763 Hmns.
374 1736 597 1765 consectantur.

249 1780 292 1817 (⁵2)
315 1782 432 1810 Iesum.
456 1781 625 1818 Bissyllaba
653 1790 722 1818 vox,
757 1782 803 1811 uti
831 1782 1032 1820 saepiuscule.
1055 1782 1093 1812 V.
1117 1782 1207 1812 Vmc.
1230 1783 1311 1812 Lm-

186 1829 335 1850 rnANfflu
357 1822 494 1851 Len-eicon
517 1823 679 1852 Poenicum
695 1824 794 1853 totius
809 1824 960 1862 Linguae
982 1824 1118 1859 latinae,
1141 1832 1178 1853 ex
1192 1824 1312 1854 officina

187 1862 283 1898 Regia
307 1871 356 1892 an.
382 1870 531 1893 mneccxc.

249 1909 292 1947 (3)
317 1910 351 1938 In
367 1910 455 1939 duob.
476 1910 634 1940 Vaticanis
650 1912 742 1948 putat
756 1912 867 1942 Hsms.
884 1912 921 1945 τὸ
937 1914 1020 1942 vetat
1035 1911 1166 1942 alienam
1188 1920 1311 1942 manum

186 1957 357 1991 ostendere,
383 1958 475 1993 atque
497 1960 573 1986 vetet
594 1959 768 1996 praeoptat.

251 2003 294 2041 (4)
319 2004 496 2034 mundiali.
520 2005 685 2035 Mundialis
706 2007 737 2036 et
759 2005 930 2036 mundanus
945 2006 984 2037 ad
998 2006 1235 2036 christianorum
1253 2006 1312 2036 lin-

188 2052 279 2081 guam
301 2046 468 2084 pertinent.
