1502 2537
448 171 732 199 cmunmmos
760 171 911 198 nrmvs
940 172 975 198 ix
1225 162 1267 199 51

201 284 255 324 Tu
284 283 504 332 perennibus
530 281 691 322 tenebris
718 282 791 326 iam
820 282 962 331 sepulta
989 283 1129 321 lumina

151 335 287 376 Inlinis
314 336 401 375 limo
429 336 582 383 salubri,
613 336 706 374 sacri
734 339 770 374 et
797 336 869 373 oris
898 338 1060 381 nectare;
1225 338 1273 375 35

150 391 236 428 Mox
263 390 398 438 apertis
426 390 493 427 hac
522 390 661 427 medela
689 389 750 427 lux
779 389 927 426 reducta
953 391 1009 427 est
1036 389 1196 427 orbibus.

203 443 377 490 Increpas
404 444 551 480 ventum
581 443 773 488 furentem,
795 442 891 489 quod
918 443 1084 489 procellis
1107 442 1274 480 tristibus

150 496 280 534 Vertat
305 506 439 543 aequor
466 496 578 533 fundo
597 496 644 532 ab
673 495 757 541 imo,
780 497 883 532 vexet
910 497 945 532 et
972 506 1105 542 vagam
1133 497 1270 533 ratem:

150 548 219 587 Ille
247 548 358 586 iussis
385 548 620 593 obsecundat,
650 548 749 585 mitis
777 548 876 585 unda
903 548 1090 585 sternitur.

202 601 387 640 Extimum
402 601 513 638 vestis
529 603 691 638 sacratae
706 601 831 638 furtim
847 600 976 638 mulier
991 601 1116 647 attigit
1131 615 1138 637 :
1224 602 1273 638 40

150 653 323 692 Protinus
351 654 451 691 salus
480 655 603 692 secuta
632 655 707 699 est3
739 664 802 690 ora
829 653 946 700 pallor
975 654 1128 699 deserit,

25 707 30 713 '
84 748 89 750 μ
147 706 296 744 Sistitur
321 706 437 752 rivus,
467 718 589 744 cruore
618 706 678 754 qui
708 706 843 743 ssuebat
868 706 1018 753 perpeti.

200 759 312 797 Exitu
339 759 457 797 dulcis
483 759 651 797 iuventae
679 761 823 806 raptum
850 759 1027 806 ephebum
1054 758 1210 805 viderat,

112 808 120 824 '
149 811 248 850 Orba
275 823 381 860 quem
410 814 525 849 mater
552 812 729 859 supremis
757 811 951 849 funerabat
978 812 1146 849 fletibus:

147 865 276 913 Surge,
295 865 408 910 dixit3
426 865 486 902 ille
502 865 635 912 surgit,
653 865 761 902 matri
777 866 812 902 et
830 865 984 902 adstans
1001 865 1176 902 redditur.
1221 865 1271 901 45

199 917 280 956 Sole
293 917 367 955 iam
387 919 515 965 quarto
529 919 727 963 carentem,
749 918 822 954 iam
841 917 1004 964 sepulcro
1019 917 1271 955 absconditum

147 970 324 1008 Lazarum
351 970 451 1008 iubet
477 970 613 1018 vigere,
644 970 784 1008 reddito
811 970 1030 1017 spiramine:

146 1023 335 1062 Foetidum
363 1023 460 1061 iecur
488 1023 657 1061 reductus
684 1035 810 1061 rursus
843 1023 957 1060 intrat
984 1023 1136 1060 halitus.
1196 1035 1202 1040 ·

198 1076 376 1114 Ambulat
397 1087 460 1123 per
478 1077 613 1124 stagna
632 1076 749 1123 ponti,
771 1087 912 1113 summa
932 1076 1050 1114 calcat
1068 1075 1267 1121 fluctuum3

146 1128 293 1167 Mobilis
319 1128 438 1177 liquor
455 1128 626 1176 profundi
654 1129 849 1177 pendulam
867 1130 1031 1176 praestat
1050 1129 1162 1174 viam,
1221 1130 1269 1167 50

145 1181 224 1220 Nec
250 1181 390 1220 fatiscit
415 1182 516 1219 unda
543 1182 681 1220 sanctis
708 1193 836 1229 pressa
863 1182 931 1220 sub
958 1181 1138 1229 vestigiis.

197 1235 327 1272 Suetus
354 1236 461 1273 antro
487 1235 649 1273 bustuali
678 1235 736 1283 (1)
765 1235 834 1273 sub
860 1234 1000 1272 catenis
1028 1234 1206 1281 frendere,

144 1287 281 1325 Mentis
309 1287 438 1335 impos,
469 1288 627 1325 efferatis
654 1287 813 1335 percitus
838 1286 1022 1325 furoribus

94 1384 97 1385 ⁷
144 1340 308 1387 Prosilit,
330 1340 473 1388 ruitque
491 1340 656 1388 supplex,
679 1340 863 1379 Christum
884 1341 1009 1378 adesse
1029 1342 1070 1377 ut
1090 1341 1266 1378 senserat.

196 1393 310 1431 Pulsa
324 1393 437 1440 pestis
451 1393 671 1431 lubricorum
679 1393 906 1431 milleformis
916 1393 1208 1441 (2)daemonum,
1220 1394 1267 1430 55

143 1445 301 1494 Corripit
326 1446 450 1494 gregis
478 1446 579 1484 suilli
607 1447 752 1484 sordida.
780 1446 1036 1494 spurcamina,

142 1499 257 1546 Seque
285 1499 402 1547 nigris
421 1499 554 1547 mergit
571 1499 696 1545 undis,
721 1501 763 1537 ut
780 1511 890 1547 pecus
909 1499 1172 1547 lymphaticum
1192 1498 1265 1547 (3).

195 1551 361 1599 Quinque
388 1552 545 1599 panibus
573 1552 723 1599 peresis,
748 1554 784 1589 et
811 1551 975 1600 gemellis
1002 1552 1178 1598 piscibus,

143 1604 308 1642 Adfatim
335 1603 469 1642 refecta
495 1605 568 1642 iam
598 1606 686 1643 sunt
712 1605 953 1643 accubantum
982 1604 1120 1653 millia;

82 1691 90 1696 .
143 1657 296 1705 Fertque
324 1657 455 1706 qualus
473 1659 528 1695 ter
547 1659 746 1705 quaternus
761 1657 977 1696 ferculorum
992 1657 1176 1705 fragmina
1193 1657 1265 1706 (4).

207 1767 251 1805 (1)
273 1767 438 1798 bustuali.-
460 1767 633 1806 sepulcrali.
657 1767 694 1797 V.
717 1768 890 1806 Diptycon,
915 1769 1027 1798 xxva.

205 1809 250 1847 (2)
273 1809 500 1847 millefm·mis;
520 1811 552 1839 et
579 1809 610 1838 in
632 1808 722 1839 duob.
746 1809 866 1839 Vaticc.
893 1810 1108 1847 milliformis,
1132 1817 1190 1839 vox
1221 1810 1269 1839 est

141 1849 361 1880 Prudentiana.
384 1850 492 1880 Italiee
521 1850 712 1887 milleforme
740 1851 852 1888 (Vers.
875 1850 926 1880 del
947 1850 1030 1880 buon
1062 1851 1160 1880 secolo
1181 1850 1268 1880 della

142 1890 228 1922 Cina
249 1891 285 1920 di
306 1892 369 1921 Dio
390 1891 426 1920 di
448 1892 482 1921 S.
505 1893 615 1929 Ayost.
639 1891 726 1926 XIX,
749 1892 814 1930 23);
838 1891 884 1921 vel
907 1892 1111 1930 moltiforme.

205 1932 250 1971 (3)
273 1932 522 1971 lymphaticum:
545 1933 575 1962 in
599 1933 727 1962 furorem
751 1939 871 1966 actum:
895 1941 954 1962 non
976 1936 1078 1963 autem
1102 1934 1132 1962 in
1156 1940 1267 1969 aquam

140 1980 173 2003 se
195 1973 388 2010 immergens,
412 1974 457 2003 uti
483 1982 620 2011 perverse
641 1976 766 2003 enarrat
788 1974 968 2004 Csrmmvs.

205 2014 250 2052 (4)
271 2015 408 2053 Fertque
429 2015 548 2053 qualus
569 2017 629 2045 etc.
652 2015 687 2044 In
709 2015 841 2045 editione
863 2015 1037 2046 Bodoniana
1052 2038 1059 2050 ,
1082 2014 1132 2045 hic
1163 2023 1267 2045 versus

141 2055 258 2085 medius
278 2058 326 2086 est
347 2057 428 2086 inter
450 2058 488 2085 5⁴<
504 2058 536 2085 et
551 2057 601 2087 60.
625 2057 699 2092 Nos,
727 2056 894 2087 Glsnuirvm
925 2057 1036 2092 secuti,
1058 2057 1127 2094 post
1151 2056 1192 2086 58
1216 2056 1265 2086 de-

137 2095 330 2127 scribendum
342 2097 528 2130 curavimus,
