1450 2537
181 159 225 196 21
234 159 257 196 2
563 170 712 196 manhu
739 168 938 196 PRVDENTH

337 284 435 330 Ergo
462 284 565 320 ratus
593 283 796 330 praefectus
825 282 1008 330 elinguem
1036 283 1155 322 virum

286 337 373 382 Cogi
394 337 438 372 ad
460 337 679 373 sacrandum
699 347 817 382 posse,
841 347 952 382 quum
971 337 1090 375 verbis
1109 349 1238 377 carens

285 390 349 426 Nil
379 389 415 425 in
445 390 591 426 deorum
620 389 816 426 blateraret
845 388 904 438 (1)
926 390 1093 435 dedecus,

286 443 391 479 lubet
418 442 540 478 reduci
569 442 642 478 iam
669 443 850 479 tacentem
879 443 914 479 et
942 443 1096 480 debilem

285 495 402 532 Multo
429 495 612 541 loquentis
640 495 786 532 turbine
815 495 901 532 olim
928 496 1092 534 territus.
1229 498 1306 536 915

338 548 494 594 Reponit
521 560 604 585 aras
633 549 679 584 ad
706 548 870 585 tribunal
898 548 1028 593 denuo,

283 602 331 637 Et
359 603 432 645 tus,
465 602 500 637 et
528 600 651 648 ignem
680 600 844 638 vividum
871 601 910 638 in
938 602 1170 649 carbonibus,

283 654 444 690 'l'aurina
472 655 508 691 et
535 655 632 699 exta,
663 654 720 691 vel
749 654 860 691 suilla
889 655 1098 692 abdomina.

283 709 479 753 Ingressus
508 707 582 753 ille,
613 708 655 744 ut
682 707 748 743 hos
776 708 928 754 paratus
956 708 1144 755 perspicit,

282 759 453 797 insufflat
482 759 558 808 (2),
588 760 687 806 ipsos
715 772 779 797 ceu
807 760 947 798 videret
974 761 1186 800 daemonas.
1229 764 1304 804 920

333 813 476 849 Inridet
503 813 570 850 hoc
598 813 834 860 Asclepiades
862 813 1004 851 laetior.

282 866 397 903 Addit
425 866 576 903 deinde:
608 887 660 892 —
689 880 711 901 ‹<
741 867 931 913 Numquid
959 867 1230 915 inclementius,

281 920 380 955 Sicut
408 919 564 964 solebas,
595 931 633 957 es
661 921 811 966 paratus
840 920 987 958 dicere?

280 972 398 1009 Effare
427 972 586 1019 quidvis,
618 984 661 1010 ac
689 984 816 1019 perora
844 975 880 1010 et
908 973 1042 1011 dissere
1074 973 1158 1023 (3);

281 1025 472 1070 Permitto,
503 1036 626 1063 vocem
653 1026 763 1063 libere
791 1027 832 1063 ut
859 1038 1038 1064 exerceas.
1072 1039 1095 1062 »
1124 1048 1176 1054 —
1227 1028 1302 1065 925

333 1080 510 1115 Rovas
538 1079 612 1116 alto
641 1079 745 1116 corde
773 1079 964 1126 suspirans
994 1080 1070 1126 diu,

279 1131 424 1168 Gemitu
452 1132 633 1178 querelam
662 1131 789 1177 traxit,
821 1134 857 1169 et
884 1132 937 1170 sic
965 1143 1068 1170 orsus
1097 1134 1174 1170 est:

280 1206 330 1210 *-
349 1198 369 1218 <<
391 1185 575 1222 Christum
603 1185 766 1232 loquenti
784 1185 915 1232 lingua
943 1197 1141 1233 numquam
1161 1185 1298 1232 defuit3

279 1239 355 1274 Nec
384 1238 493 1274 verba
521 1250 676 1285 quaeras
705 1249 775 1285 quo
802 1240 979 1285 regantur
1006 1250 1158 1286 organo,

278 1292 395 1336 Quum
424 1291 654 1337 praedicatur
681 1291 758 1338 ipse
786 1292 976 1329 verborum
1005 1292 1121 1329 dator.
1225 1293 1301 1330 930

331 1344 400 1389 Qui
427 1343 527 1389 fecit,
558 1346 601 1382 ut
629 1344 684 1382 vis
713 1344 812 1382 vocis
840 1356 1011 1391 expressa
1038 1345 1169 1382 intimo

280 1397 469 1444 Pulmone,
503 1399 539 1434 et
567 1397 639 1435 oris
666 1399 764 1435 torta
793 1398 861 1435 sub
890 1397 1075 1435 testudine
1105 1397 1182 1447 (4),

172 1508 258 1537 heum
282 1509 460 1544 sanguinem
484 1509 715 1546 interpretarer,
740 1509 791 1544 qui
814 1509 881 1538 erat
913 1509 1044 1546 martyri
1077 1517 1131 1547 pro
1165 1509 1302 1546 quolibet

170 1551 349 1580 stemmate.
375 1550 430 1579 hoc
453 1552 500 1579 est
522 1551 641 1585 insigne
663 1550 782 1586 generis
804 1553 836 1580 et
857 1550 1044 1580 nobilitatis.
1069 1560 1087 1578 >›

234 1592 278 1628 (1)
300 1592 481 1621 blateraret.
506 1592 616 1621 Hmns.
641 1594 672 1621 et
693 1592 768 1621 bene
791 1592 879 1621 multi
903 1592 987 1621 codd.
1010 1600 1082 1623 mss,
1112 1590 1175 1621 Alii
1196 1594 1299 1622 tamen

172 1642 229 1662 non
252 1635 353 1669 pauci,
379 1643 431 1662 nee
456 1633 582 1667 iniuria,
606 1633 799 1663 describunt:
824 1633 1009 1662 oblatraret.

235 1675 277 1710 (2)
300 1676 463 1712 insufflat.
487 1674 606 1712 Spiritu
628 1684 665 1704 ex
694 1683 744 1704 ore
776 1675 904 1712 proflato
940 1675 1055 1708 reiicit,
1079 1673 1213 1711 despuit,
1231 1683 1299 1704 con-

171 1717 294 1744 temnit.
317 1717 479 1745 Translata
501 1716 680 1753 metaphora
701 1717 749 1745 est
778 1724 797 1744 a
829 1716 953 1745 flatibus
985 1717 1015 1745 in
1048 1715 1222 1751 daemonas,
1246 1717 1300 1752 qui

171 1758 231 1786 rite
253 1758 330 1786 fiunt
352 1766 370 1786 a
398 1757 560 1795 Sacerdote
588 1757 660 1786 dum
682 1757 721 1786 ad
743 1757 870 1787 Fontem
896 1757 1048 1787 Salutaris
1068 1757 1175 1793 Aquae
1202 1757 1300 1787 sacris

171 1800 324 1835 operatur.

234 1839 280 1878 (3)
301 1849 417 1877 perora
439 1842 468 1868 et
489 1840 618 1870 dissere.
643 1839 762 1869 Vaticc.
787 1840 846 1869 duo
867 1840 1003 1877 optimae
1025 1840 1129 1874 notae,
1151 1839 1184 1868 et
1204 1839 1298 1869 Hein-

171 1882 363 1919 sianL—per
373 1891 429 1910 ora
442 1881 576 1910 edissere
588 1881 756 1917 Wm'rzrvs,
766 1883 798 1910 et
810 1881 953 1910 Vaticani
965 1881 1076 1917 reliqui
1088 1880 1295 1917 undeviginti.

235 1923 280 1959 (4)
303 1924 371 1951 oris
393 1923 451 1951 sub
466 1923 633 1953 testudine.
656 1923 716 1952 Sub
733 1922 869 1952 cavitate
891 1923 1046 1959 oris,quae
1068 1922 1101 1951 in
1122 1930 1174 1951 ore
1199 1923 1298 1952 testu-

172 1964 252 1992 dinis
275 1965 374 1993 instar
395 1969 449 1993 est.
474 1981 512 1985 —
528 1964 674 1993 dentium
697 1964 735 1993 de
750 1965 877 2002 pectine
899 1963 1004 1993 transl.
1023 1971 1076 2000 pro
1098 1962 1237 1992 dentium
1261 1963 1298 1994 de

169 2006 259 2035 serie.
283 2005 432 2034 Homnavs
454 2005 531 2034 hanc
553 2006 662 2035 seriem
679 2008 768 2034 vocat
789 2006 1003 2042 sepimentum,
1021 2004 1122 2048 ἕρκος
1151 2003 1296 2037 ὀδόντων

171 2052 271 2081 Iliad.
295 2051 346 2085 IV,
372 2052 447 2085 3502
472 2053 503 2081 et
526 2052 638 2089 odyss.
652 2052 710 2087 ῙΠ,
724 2052 779 2090 233
798 2059 889 2088 quam
905 2051 1032 2090 phrasin
1047 2051 1136 2082 Vino.
1152 2052 1297 2083 Mon'rxvs

172 2094 283 2122 vertit:
309 2103 325 2120 «
350 2093 489 2123 chiostra
511 2093 563 2123 dei
584 2093 683 2123 denti.
709 2103 727 2121 »
