1502 2537
318 162 427 198 ΠΕΡΙ
455 161 714 197 ΣΊῈΦΑΝΩΝ
747 170 897 198 nrmws
925 170 961 197 xi
1127 158 1200 196 231

79 284 138 324 Sic
166 284 275 322 datur
301 283 464 321 absentis
490 295 553 331 per
580 283 816 321 subterranea
844 283 930 320 solis

134 338 286 376 Cernere
313 335 505 384 fulgorem,
536 336 805 383 luminibusque
833 336 918 374 frui

80 390 232 428 Talibus
258 389 461 427 Hmpomi
489 401 617 436 corpus
645 401 680 426 m
683 390 840 426 mdatui
867 389 1001 436 opertis

137 443 287 490 Propter
313 441 375 479 ubi
403 442 567 488 admit-1
595 444 650 479 est
677 454 741 479 ara
769 442 891 479 dicata
919 441 1203 478 D00.170

82 495 156 534 Illa
181 494 405 533 Sacramenti
434 495 600 532 donatrix
628 506 769 539 mensa,
799 495 994 542 eademque.

117 549 268 586 ‘Custos
296 547 370 585 fida
398 547 454 585 sui
483 547 655 595 Martyris
683 548 863 594 adposita.

83 601 211 639 Servat
237 601 283 638 ad
311 600 448 637 aeterni
476 612 575 647 spem
605 600 734 637 iudicis
761 612 844 637 ossa
871 600 1057 647 sepulcrm

137 653 264 691 Pascit
290 653 375 690 item
403 653 542 690 sanctis
569 653 768 691 Tibricolas
796 653 949 700 dapibus
970 653 1046 701 (1).

85 707 180 744 Mira
207 706 277 744 loci
302 705 434 753 pietas,
465 709 501 743 et
527 708 667 752 promta
695 707 927 753 precantibus
955 718 1017 742 ara
1132 704 1206 741 175

137 760 226 807 Spes
253 759 439 796 hominum
469 758 613 805 placida
640 759 877 806 prosperitate
905 759 1020 795 iuvat.

86 813 158 850 Hic
174 810 395 859 corruptelis
422 811 605 858 animique
632 814 669 848 et
695 811 854 858 corporis
882 823 989 858 aeger

139 864 251 903 Oravi
278 863 419 912 quoties
447 866 599 904 stratus,
630 875 733 910 opem
762 864 888 901 merui.

85 918 188 965 Quod
213 917 328 954 laetor
354 915 486 961 reditu,
516 917 611 964 quod
638 918 686 962 te,
716 917 919 954 venerande
947 917 1128 963 sacerdos,

139 969 337 1018 Complecti
349 968 490 1007 licitum
509 970 578 1014 est,
599 969 717 1007 scribo
735 970 831 1017 quod
850 969 939 1006 haec
963 970 1103 1016 eadem,
1136 969 1210 1006 180

86 1023 298 1061 promo
324 1022 398 1060 scio
426 1033 482 1059 me
511 1022 650 1068 debere,
683 1023 780 1060 Deus
807 1022 866 1060 cui
895 1023 1062 1060 Christus

139 1077 251 1114 Posse
279 1074 392 1120 dedit,
423 1075 518 1122 quod
545 1075 629 1112 huis
656 1075 830 1122 postulet,
859 1075 1032 1112 adnuere.

86 1129 191 1177 Ipsa,
220 1127 305 1166 illas
333 1127 476 1165 animae
504 1127 668 1173 exuvias,
699 1139 791 1175 quae
818 1128 982 1166 continet
1016 1128 1130 1174 intus,

139 1180 318 1219 Aedicula
345 1182 498 1228 argento
525 1180 690 1228 fulgurat
716 1192 758 1218 ex
786 1181 914 1219 solido.

88 1233 263 1272 Praefixit
288 1233 435 1271 tabulas
462 1233 563 1271 dives
590 1245 722 1271 manus
749 1245 902 1281 aequore
929 1233 1001 1271 levi
1029 1233 1105 1282 (2),
1141 1234 1213 1271 185

141 1287 362 1332 Candentes,
391 1297 559 1324 recavum
587 1286 693 1334 quale
720 1287 814 1324 nitet
839 1287 1037 1335 speculum.

88 1340 168 1378 Nec
195 1339 315 1377 Pariis
341 1340 513 1377 contenta
540 1339 662 1378 aditus
690 1339 864 1377 obducere
891 1341 989 1377 saxis
1019 1339 1094 1389 (3),

141 1392 296 1430 Addidit
322 1392 485 1430 ornando
512 1392 613 1430 clara
637 1391 780 1430 talenta
806 1393 918 1440 operi.

90 1446 200 1484 Mane
228 1444 430 1483 salutatum
456 1446 708 1483 concurritur:
740 1447 858 1483 omnis
887 1446 1015 1482 adorat
1141 1446 1215 1483 189

145 1497 258 1536 Pubis
286 1497 372 1546 (4);
402 1499 504 1543 eunt,
535 1498 701 1545 redeunt,
732 1498 820 1536 solis
839 1499 887 1536 ad
906 1510 1019 1546 usque
1048 1499 1198 1536 obitum.

93 1550 297 1598 Conglobat
322 1550 362 1588 in
389 1561 543 1589 cuneum
570 1550 697 1589 Latios
724 1551 833 1588 simul
861 1563 903 1588 ac
930 1551 1141 1599 peregrinos

146 1603 357 1642 Permixtim
383 1603 536 1651 populos
561 1603 752 1652 religionis
779 1615 892 1642 amor.

155 1727 201 1764 (1)
221 1727 345 1756 sanctis
359 1726 509 1764 dapibus.
525 1726 619 1756 Sacra
634 1726 664 1756 in
681 1728 851 1764 martyrum
866 1727 992 1757 tumulis
1010 1727 1091 1756 savia
1113 1727 1217 1760 fuisse,

95 1774 190 1810 deque
212 1773 267 1802 hoc
289 1772 380 1802 altari
403 1773 594 1803 Christianos
616 1772 731 1803 Sancta
752 1774 863 1804 libasse
885 1775 1016 1812 (esset-si
1036 1784 1219 1804 sacramen-

95 1821 244 1850 talmente
264 1821 480 1857 comunicati)
501 1820 580 1849 satis
601 1822 789 1858 compertum
813 1821 970 1851 habemus.

158 1879 204 1918 (2)
226 1879 356 1909 tabulas
376 1888 510 1917 aequore
532 1879 604 1909 lem‘.
629 1879 814 1909 Marmoreas
830 1882 885 1909 aut
907 1881 1067 1916 argenteas
1089 1880 1220 1910 laminas

96 1927 318 1964 complanatas,
339 1925 517 1963 perpolitas,
539 1925 718 1963 pellucidas.

158 1985 204 2023 (3)
225 1985 339 2015 Pariis
359 1985 464 2020 saxis,
487 1992 637 2015 marmore
662 1993 678 2014 e
700 1984 791 2020 Paro,
816 1984 917 2014 insula
942 1985 1032 2021 Aegei
1057 1986 1152 2015 maris
1168 1986 1219 2016 ad-

98 2035 198 2064 vecto.

160 2085 206 2124 (4)
221 2085 322 2124 pubis
337 2093 389 2123 pro
406 2085 517 2124 pubes.
536 2085 570 2118 V.
592 2083 722 2131 Κατεμ.
747 2084 853 2124 hymn.
877 2085 915 2123 V,
931 2085 970 2116 69
985 2095 993 2122 ;
1010 2086 1043 2116 ct
1057 2085 1124 2124 VII,
1147 2086 1217 2119 162.
