1502 2537
306 149 415 185 ΠΕΡΙ
442 148 701 185 ΣῚῈΦΑΝΩΝ
730 156 880 184 nmvs
908 157 931 184 v
1135 147 1211 185 219

251 272 322 309 Ast
348 272 406 309 hic
434 272 602 309 memma
630 271 773 309 dedicat
799 270 990 318 genitalia,

197 325 343 363 Numen
371 325 484 362 reciso
512 325 687 372 mitigans
715 325 762 361 ab
788 323 962 371 inguinem

198 377 314 415 Offert
339 378 547 425 pudendum
576 377 723 415 semivir
751 377 884 414 donum
913 378 1021 414 deae:

197 430 322 476 Illam,
352 431 498 468 revulsa
526 430 720 468 masculini
747 430 923 477 germinis

198 483 316 528 Vena,
346 482 506 521 effluenti
532 483 650 531 pascit
676 486 820 520 auctam
848 483 1041 530 sanguine.
1114 483 1212 519 1⁰71»

252 537 409 584 Uterque
437 548 544 574 sexus
570 536 759 574 sanctitati
787 536 968 583 displicet,

196 589 357 626 Medium
383 592 542 627 retentat
568 590 664 627 inter
691 589 869 626 alternum
898 600 1036 635 genus:

196 643 279 679 Mas
306 654 385 680 esse
412 645 533 680 cessat
560 642 636 687 ille,
666 653 731 679 nec
761 641 803 679 fit
830 641 979 679 femina.

196 695 299 732 Felix
327 695 472 733 deorum
501 696 619 732 Mater
647 695 823 732 imberbes
851 695 921 732 sibi

196 748 311 786 Parat
336 748 524 786 ministros
549 749 716 786 laenibus
744 747 945 785 novaculis.
1111 747 1209 783 1075·

247 801 355 847 Quid,
370 813 480 849 quum
496 802 696 839 sacrandus
713 801 772 849 (1)
789 801 921 848 accipit
936 800 1210 848 sphragitidas?

197 855 298 892 Acus
324 855 486 892 minutas
513 855 687 902 ingerunt
714 854 943 892 fornacibus:

196 907 266 944 His
293 908 455 945 membra
472 909 631 955 pergunt
657 919 773 951 urere,
803 909 846 944 ut
872 906 1094 951 igniverint:

194 961 465 1008 Quamcumque
492 962 630 1008 partem
659 959 817 1007 corporis
846 959 989 997 fervens
1017 961 1104 996 nota

195 1013 400 1061 stigmarit,
417 1013 510 1050 hanc
527 1013 579 1050 sic
593 1015 844 1051 consecratam
858 1013 1084 1059 praedicant.
1110 1012 1208 1049 10³0

248 1066 428 1104 Punctum
454 1066 583 1103 deinde
611 1077 722 1114 quum
748 1065 896 1113 reliquit
923 1066 1088 1112 spiritus,

194 1119 242 1156 Et
269 1119 318 1156 ad
344 1119 549 1166 sepulcrum
576 1130 708 1166 pompa
735 1119 849 1156 fertur
876 1118 1028 1164 funeris,

194 1172 324 1210 Partes
351 1183 414 1220 per
440 1172 540 1220 ipsas
569 1172 829 1220 imprimuntur
854 1172 1041 1216 bracteae3

193 1217 362 1273 Insignis
388 1226 469 1262 auri
495 1225 635 1262 lamina
662 1225 809 1263 obducit
835 1227 968 1270 cutem,

191 1278 344 1325 'regitur
361 1278 522 1324 metallo,
539 1279 633 1327 quod
647 1281 834 1326 perustum
848 1280 904 1316 est
922 1278 1083 1325 ignibus.
1109 1277 1208 1315 1085

247 1331 327 1368 Has
353 1331 444 1369 ferre
472 1343 607 1378 poenas
634 1332 777 1379 cogitur
803 1331 1015 1379 gentilitas:

194 1383 276 1422 Hac
304 1383 356 1422 dii
382 1387 546 1423 coercent
571 1385 650 1433 lege
680 1384 740 1434 (2)
770 1384 925 1422 cultores
953 1395 1059 1422 suos:

129 1524 174 1562 (1)
185 1524 368 1555 sacrandus
378 1526 497 1564 accipit
507 1525 743 1564 sphraqitidas.
753 1525 897 1556 Sacerdos
912 1524 1028 1560 Gallus,
1044 1525 1081 1554 de
1096 1533 1207 1561 quosu-

88 1574 144 1603 pra
158 1575 188 1595 v.
199 1567 291 1596 1059.
307 1567 484 1596 Istiusmodi
500 1568 672 1596 sacerdotes
683 1567 871 1596 contendunt
882 1566 1016 1596 nonnulli
1028 1566 1066 1596 ab
1079 1566 1209 1596 hebraea

90 1615 161 1636 voce
174 1607 253 1649 ¹5¹7:
265 1617 382 1644 secare,
393 1608 576 1637 abscindere
586 1617 650 1638 esse
661 1608 771 1639 dictos.
785 1608 847 1639 cfr.
862 1609 1051 1638 Mazocmvm
1074 1608 1104 1636 in
1121 1608 1206 1644 Spin.

89 1648 175 1678 Bibl.
208 1657 303 1686 supra
335 1651 515 1684 memorato,
547 1650 633 1681 Tom.
663 1649 719 1684 11.‚
741 1658 772 1687 p.
799 1650 869 1680 114.
893 1665 932 1671 —
964 1649 1205 1687 Sphrayitidas.

90 1689 249 1720 Veteribus
259 1691 528 1728 superstitionibus
539 1690 635 1720 dediti
647 1694 733 1720 certa
748 1691 895 1726 quaedam
911 1691 1000 1727 sigua
1015 1691 1051 1719 ad
1065 1690 1206 1719 honorem

88 1731 236 1766 numinis,
258 1732 306 1760 cui
323 1731 536 1767 initiarentur,
551 1733 668 1769 corpori
683 1740 737 1761 suo
759 1732 937 1766 inurebant:
963 1740 1040 1768 quae
1060 1732 1151 1767 signa
1172 1736 1208 1760 ut

90 1772 120 1800 in
141 1777 212 1802 cute
227 1776 451 1810 permanerent,
476 1773 552 1802 ferro
575 1774 751 1802 acuminato
768 1774 800 1802 et
823 1773 921 1809 ignito
943 1782 1010 1802 cum
1034 1773 1207 1803 atramento

88 1815 144 1842 aut
163 1814 258 1843 stibio
280 1815 432 1849 ingeniose
446 1815 608 1852 depingere
624 1815 714 1844 moris
730 1814 893 1845 habebant.
910 1813 1086 1844 Istiusmodi
1103 1815 1205 1843 autem

87 1857 179 1884 notae
193 1877 201 1890 ‚
229 1863 280 1885 seu
305 1853 485 1900 σφραγῖδες
507 1856 545 1885 ad
575 1856 653 1886 hunc
681 1855 802 1884 modum
835 1856 866 1884 in
894 1855 1030 1893 corporis
1053 1858 1123 1884 cute
1149 1855 1207 1884 im-

88 1909 221 1938 pressae,
243 1910 262 1931 a
278 1901 439 1937 Venusino,
462 1903 520 1932 nisi
544 1903 644 1937 fallor,
666 1903 793 1932 victura
813 1903 849 1931 in
869 1905 939 1932 cute
958 1905 1083 1941 puncta
1105 1902 1206 1939 appel-

87 1943 201 1974 lantur.
225 1943 418 1973 Recentioroe
439 1944 519 1974 Galli
540 1944 679 1974 dicerent
704 1946 879 1982 tatouayes.

152 1995 198 2034 (2)
219 1996 292 2026 Hae
313 1997 363 2025 dii
377 1998 514 2026 coercent
536 1996 611 2034 leqe.
634 1997 729 2027 Sacra
750 1996 824 2026 haec
847 1997 951 2034 turpia
971 1997 1004 2026 et
1031 1995 1166 2026 crudelia
1187 2005 1206 2025 a

87 2035 151 2108 igi}
169 2037 417 2109 ἰῦεὴίἰίἑωρεωω
438 2039 529 2068 fuisse
549 2037 686 2068 ostendit
705 2038 736 2068 S.
762 2039 897 2069 Avcvs‘r.
922 2047 954 2067 in
980 2038 1045 2067 suis
1066 2039 1112 2068 De
1135 2039 1203 2068 Cio.
