1450 2537
174 167 249 206 164
553 176 704 204 Anum
730 175 931 203 PRVDENTII

173 289 240 335 Qui
269 288 369 336 cupit
397 289 585 326 aeternum
613 285 712 324 Caeli
740 285 981 324 conscendere
1007 297 1178 334 regnum,

225 343 308 379 Huc
336 341 460 378 veniat
486 340 639 378 sitiens:
671 350 750 377 cccc
778 340 908 386 parata
935 339 997 376 via
1023 341 1091 377 est.

171 408 268 444 Anto
297 405 458 443 coronati
487 404 714 443 scandebant
742 404 858 441 ardua
884 405 996 442 testes

224 459 345 505 Atria,
376 470 474 496 nunc
501 458 596 495 lotae
625 456 723 494 celsa
750 458 880 504 petunt
907 457 1064 495 animae.
1248 458 1298 497 10

170 524 325 571 Spiritus
354 523 512 560 aetherio
542 521 600 570 (1)
631 521 761 559 solitus
789 522 1004 560 descendere
1031 523 1153 570 lapsu,

224 577 274 614 Ut
302 577 448 613 dederat
474 575 650 623 palmam,
681 574 734 613 sic
761 575 892 612 tribuit
918 576 1078 614 veniam.

171 641 307 679 Haurit
332 642 430 678 terra
458 651 579 678 sacros
608 641 672 677 aut
699 639 799 677 fonte
827 641 890 677 aut
919 640 1100 688 sanguine
1129 652 1241 687 rores,
1267 682 1271 683 ⁷

222 695 464 741 Exundatquo
494 704 558 731 suo
586 693 721 741 iugiter
747 693 821 730 uda
851 693 910 742 (2)
940 694 1029 731 Deo.

170 760 254 807 Ipso
273 759 343 797 loci
362 761 418 796 est
437 759 620 804 dominus,
641 758 799 796 laterum
818 758 877 796 cui
897 759 1045 796 vulnere
1063 760 1216 807 utroquo
1237 759 1296 809 (3)

222 813 320 850 Hinc
349 824 452 850 cruor
480 813 616 850 effusus
645 811 764 858 fiuxit,
796 813 832 849 et
859 812 943 849 indo
970 812 1082 849 latex.
1248 813 1296 850 16

168 876 277 914 Ibitis
304 876 405 922 hinc,
436 877 478 914 ut
505 876 656 924 quisque
684 878 817 924 potest,
847 888 911 923 per
939 877 1091 914 vulnera
1119 876 1268 924 Christi,

220 930 377 967 Evectus
406 929 541 978 gladiis
569 930 676 976 alter,
706 931 742 967 et
769 930 860 967 alter
889 931 1008 978 aquis.

230 1094 274 1133 (1)
295 1094 437 1132 spiritus
458 1094 610 1126 aetheria
634 1093 726 1125 Codd.
750 1094 878 1124 maioris
899 1096 1059 1131 momenti,
1083 1096 1116 1125 et
1135 1095 1296 1126 Hfflnsws.

165 1143 202 1173 111
222 1142 329 1171 multis
350 1143 455 1171 tamen
476 1141 564 1172 codd.
588 1150 660 1173 mss,
686 1143 778 1177 atque
799 1142 891 1171 editt.
916 1141 1046 1178 legimus
1067 1145 1207 1172 aeterno.

228 1196 272 1234 (2)
296 1195 363 1224 uda
387 1195 466 1225 Deo.
489 1195 734 1225 CflAanAans
755 1194 806 1224 hic
829 1194 975 1225 adnotat:
999 1195 1156 1225 Hactenus
1183 1195 1297 1225 lectum

165 1244 215 1274 est
233 1242 325 1272 unda
340 1243 417 1271 Deo.
441 1241 484 1271 At
504 1241 655 1271 Hnmsws
670 1242 816 1279 opponit:
833 1242 1065 1271 inconcinnum
1081 1251 1152 1271 vero
1166 1243 1297 1272 omnino

165 1290 272 1320 illud.-
292 1289 441 1319 exundat
462 1289 566 1320 unda.

230 1342 275 1382 (3)
298 1343 430 1372 vulnere
452 1345 596 1381 utroque.
619 1341 769 1380 Displicet
790 1342 929 1378 equidem
955 1342 1042 1371 nobis
1057 1364 1065 1377 ,
1089 1342 1143 1378 qui
1171 1342 1295 1372 tantum

166 1391 299 1428 quinque
319 1390 426 1428 plagas
449 1390 481 1419 in
498 1389 620 1420 Christo
634 1389 704 1419 Iesu
725 1389 931 1419 venerabundi
946 1388 1168 1425 exosculamur,
1189 1397 1297 1427 corpus

165 1442 231 1472 eius
252 1449 373 1470 cernere
395 1441 523 1476 utroque
545 1439 668 1469 vulnere
688 1439 771 1468 latus
793 1438 900 1468 lancea
921 1437 1103 1470 laceratum.
1119 1438 1178 1469 Sed
1191 1439 1297 1468 tamen

165 1488 247 1518 haud
268 1489 323 1518 abs
343 1496 375 1517 re
397 1487 492 1517 fuerit
526 1487 782 1522 animadvertere,
815 1485 1044 1515 vetustissimas
1064 1485 1202 1524 picturas
1221 1485 1296 1516 olim

164 1535 397 1572 Redemptorem
419 1535 507 1564 nobis
518 1535 747 1571 repraesentare
759 1533 846 1563 modo
861 1532 1016 1568 dextrum,
1033 1532 1121 1562 modo
1133 1533 1296 1562 sinistrum

163 1582 246 1612 latus
258 1582 382 1612 lanceae
404 1590 544 1611 mucrone
560 1581 758 1616 transfixum3
777 1582 820 1615 et,
840 1581 887 1610 uti
903 1581 993 1609 notat
1007 1580 1191 1609 vaocmvs
1207 1581 1295 1610 Com-

165 1621 351 1661 mentm-‚sin
364 1631 480 1660 [omen.
495 1629 526 1660 C.
546 1628 633 1667 XIX,
652 1629 704 1664 34,
720 1628 785 1658 fieri
801 1628 949 1665 potuisse,
967 1629 1003 1656 ut
1016 1626 1123 1656 lancea
1135 1635 1190 1664 per
1202 1635 1291 1656 unuu:

164 1677 246 1707 latus
269 1677 390 1713 adacta,
414 1677 545 1706 alterum
568 1684 685 1713 quoque
707 1675 880 1706 excederet.
