1502 2537
437 146 720 175 cunnmmon
748 146 898 175 nnnws
924 147 949 176 v
1212 139 1262 176 25

242 261 321 299 Nos
347 273 486 308 semper
514 261 710 299 Dominum
738 261 884 299 Patrem
912 261 1083 307 fatentes,
1187 262 1262 300 100

189 313 237 351 In
263 316 314 359 te,
345 314 487 352 Christe
517 315 628 359 Deus,
658 314 845 362 loquemur
872 326 1000 359 unuin,

188 367 448 415 Costanterque
474 369 576 405 tuam
603 379 743 405 crucem
772 367 941 405 feremus.

224 514 227 517 -
682 490 714 528 V

237 560 387 599 HYMN
394 561 450 599 VS
478 561 547 599 AD
576 560 634 599 IN
638 561 837 599 CENSVM
852 559 872 581 *
900 560 1168 600 LVCERNAE

137 629 173 661 lu
195 630 251 659 hoc
272 631 419 664 carmine.
449 630 528 666 quod
551 630 607 659 sub
630 632 762 665 noctem,
791 638 884 666 quum
908 630 1025 659 lumina
1039 631 1258 665 accenduntur,

176 671 346 701 cauendum
368 674 427 706 est,
450 672 531 706 ignis
554 673 646 707 atque
668 671 796 700 luminis
819 671 923 700 laudes
939 671 1034 701 altius
1057 673 1258 709 repetiturus,

177 713 210 742 in
242 712 426 742 latissimum
460 713 608 741 historiae
640 721 744 741 sacrae
761 721 912 750 campum.
938 721 1020 742 more
1043 721 1107 747 suo,
1122 715 1259 742 excurrit

178 755 284 792 poeta:
308 754 358 783 ubi
372 762 448 791 quae
465 753 579 789 Iudeis,
597 762 633 782 ex
651 754 791 791 Aegypto
813 753 949 789 eductis.
967 754 1179 792 prodigialiter
1195 763 1260 783 evo-

178 798 301 830 nerunt,
316 795 450 825 breviter
464 795 692 832 complectitur,
711 797 803 831 atque
814 795 852 824 ad
867 795 1016 832 mysticos
1027 804 1134 824 sensus
1151 795 1255 824 refert.

178 836 334 874 Hymnum
356 837 504 866 instituto
524 836 674 865 luminum
697 836 859 874 praeconio
881 836 1048 866 concludit.

242 915 417 953 Inventor
443 914 560 961 rutili,
591 914 673 951 Dux
701 914 808 960 bone,
838 914 1003 961 luminis,

189 968 259 1014 Qui
285 967 394 1006 certis
420 967 560 1005 vicibus
586 968 749 1015 tempora
776 967 924 1014 dividis,

190 1022 309 1058 Merso
337 1020 425 1065 sole,
455 1020 566 1058 chaos
594 1020 734 1068 ingruit
760 1020 946 1058 horridum
975 1019 1060 1070 (1):

190 1075 322 1112 Lucem
348 1073 456 1111 redde
482 1073 572 1118 tuis,
604 1073 762 1121 Christe,
791 1073 975 1112 fidelibus.

241 1127 415 1172 Quamvis
441 1126 630 1164 innumero
658 1126 774 1165 sidere
800 1126 955 1174 regiam,
1238 1128 1260 1164 5

191 1180 398 1227 Lunarique
422 1179 543 1227 polum
571 1179 739 1227 lampade
765 1179 926 1227 pinxeris
941 1209 951 1228 ,

190 1234 346 1270 Incussu
373 1232 486 1270 silicis
512 1232 653 1270 lumina
680 1243 747 1270 nos
768 1235 892 1271 tamen

190 1287 375 1323 Monstras
401 1285 575 1333 saxigeno
603 1285 738 1323 semine
766 1297 935 1334 quaerere
951 1315 960 1332 ‚

242 1339 299 1377 Ne
326 1338 481 1376 nesciret
507 1338 613 1376 homo
641 1350 742 1386 spem
769 1339 841 1377 sibi
867 1338 1018 1376 luminis

190 1392 235 1429 In
265 1391 401 1429 Christi
428 1391 542 1429 solido
569 1402 714 1439 corpore
742 1392 941 1439 conditam,
1212 1391 1260 1429 lo

189 1444 257 1490 Qui
286 1444 358 1482 dici
384 1444 551 1482 stabilem
580 1456 617 1482 se
644 1444 761 1483 voluit
786 1446 941 1493 petram,

190 1497 336 1535 Nostris
362 1496 536 1545 igniculis
563 1497 659 1535 unde
686 1509 803 1546 genus
830 1498 958 1543 venit3

243 1550 399 1597 Pinguis
426 1561 516 1598 quos
543 1550 612 1588 olei
638 1561 717 1588 rore
744 1551 976 1588 madentibus

191 1603 365 1650 Lychnis‚
396 1605 461 1640 aut
487 1602 628 1641 facibus
654 1603 839 1651 pascimus
866 1603 1003 1642 aridis:

189 1656 284 1702 Quin
312 1657 349 1693 et
375 1655 438 1693 fila
465 1655 561 1693 favis
588 1656 727 1703 scirpea
754 1656 873 1694 floreis
903 1657 961 1704 (2)
1211 1656 1260 1694 15

190 1710 319 1761 Presso
347 1709 451 1746 melle
477 1708 579 1757 prius
606 1709 743 1747 conlita
771 1709 962 1757 fingimus.

196 1776 214 1794 *
234 1778 287 1808 Aa
309 1779 475 1807 incensum
498 1778 657 1808 lucernae.
674 1778 756 1808 Haec
773 1779 932 1816 inscriptio
947 1779 1061 1815 legitur
1083 1779 1112 1808 in
1129 1779 1260 1809 codicib.

138 1819 257 1849 Vaticc.
273 1820 398 1849 maioris
413 1820 571 1850 momenti.
588 1820 719 1849 Aberrat
731 1819 986 1856 Cnamrmnnvs,
1003 1821 1053 1857 qui
1067 1821 1141 1850 bene
1156 1821 1262 1850 multis

137 1860 343 1898 adstipulatur
357 1861 555 1897 editionibus,
567 1861 619 1890 ubi
636 1861 764 1898 hymnus
780 1861 818 1890 ad
835 1861 913 1890 hunc
930 1862 1051 1891 modum
1068 1862 1143 1892 salso
1155 1862 1261 1891 inscri-

137 1902 238 1936 bitur:
261 1901 313 1932 Ad
335 1903 507 1932 Incensum
529 1903 610 1932 cerei
629 1902 808 1940 paschalis.

199 1943 244 1981 (1)
268 1943 363 1973 chaos
377 1943 532 1980 eleganter
553 1943 589 1973 de
610 1943 742 1979 caligine
763 1945 795 1973 et
818 1943 964 1974 tenebris.
987 1943 1025 1974 V.
1051 1942 1134 1989 Περὶ
1159 1942 1259 1988 Στεφ.

136 1989 403 2070 m⁴(25)5⁸3cirpea.
416 2030 492 2060 Filis
506 2031 634 2069 scirpeis
649 2030 722 2061 olim
737 2031 833 2062 etiam
850 2031 1004 2070 ellychnia
1024 2032 1264 2064 conficiebantur

135 2079 289 2103 cereorum
310 2073 343 2103 et
362 2071 569 2103 lucernarum.
768 2094 770 2096 -
