1502 2537
335 173 446 211 ΠΕΡΙ
473 171 732 210 ΣΤΕΦΑΝΩΝ
762 179 913 209 Ηῃωνε
941 179 963 208 x
1169 167 1244 207 185

282 296 356 334 Ars
383 295 609 334 seminandis
635 294 760 333 efficax
787 295 982 341 erroribus,

227 348 388 400 ¹Barbam
416 349 596 396 rigentem
625 348 710 386 dum
742 348 839 386 Iovis
867 347 1131 395 circumplicat,

235 403 328 439 Dum
355 401 571 439 defluentem
600 402 728 439 leniter
756 401 905 438 flectens
932 413 1086 450 comam,

236 455 355 492 Limat
380 454 546 502 capillos,
576 457 612 492 et
639 455 826 502 corymbos
856 454 990 496 Liberi,

234 508 281 545 Et
299 508 384 545 dum
404 507 590 545 Minervae
605 510 744 554 pectus,
768 507 894 555 hydris
913 508 1059 554 asperat
1075 506 1149 552 (ll.
1173 505 1247 542 ‘275

286 560 419 598 Iniecit
444 563 562 598 atram
590 560 726 598 territis
755 560 813 607 (2)
843 560 1089 604 formidnwm,

236 614 285 650 Ut
310 613 449 651 fulmen
477 614 587 659 aeris,
616 625 680 650 ceu
708 613 900 658 Tonantis,
931 613 1114 650 horreant.

233 667 407 704 'Fremant
432 677 611 704 venenum
639 666 824 703 sibilantis
852 667 1062 710 Gorgonae:

236 720 372 757 Putent
399 719 587 766 Ephebum
619 719 676 767 (3)
706 720 788 766 post
813 719 1017 765 triumphos
1045 718 1192 756 Indicos

236 771 354 810 Perire
382 772 508 820 thyrso
536 783 655 819 posse,
685 783 796 819 quum
825 772 874 809 sit
900 772 1035 809 ebrius.
1175 771 1250 806 ‘2⁸0

287 825 393 871 Tum,
410 825 505 873 quod
521 825 676 862 Dianam
688 825 792 862 molle
803 825 1024 862 succinctam
1041 824 1248 871 (4)vi‹1··nt‚

236 878 416 916 Venantis
443 889 568 916 arcum
595 878 855 924 pertimescunt
882 877 1059 924 virginis:

233 930 271 968 Si
296 929 390 969 forte
417 931 558 968 vultum
584 930 757 968 tristioris
784 930 954 968 Herculis

235 983 389 1031 Liquore
415 983 532 1031 crispo
561 983 619 1031 (5)
649 995 770 1021 massa
798 983 903 1020 finxit
930 982 1066 1029 fusilis,

236 1036 385 1074 Clavam
413 1036 560 1082 minari⁷
591 1039 631 1074 ni
657 1036 811 1081 colatur,
840 1036 1012 1073 creditur.
1176 1036 1250 1071 285

288 1089 370 1127 Iam
397 1089 479 1137 quis
506 1091 703 1137 paventum
723 1090 831 1127 corda
848 1091 962 1126 terror
985 1091 1151 1136 occupat,

237 1142 392 1180 Iunonis
419 1142 511 1180 iram
539 1143 570 1180 si
598 1142 707 1189 polite
734 1142 976 1190 expresserit?

168 1221 175 1227 -
236 1195 347 1233 Velut
373 1196 518 1233 retortis
545 1196 692 1233 intuens
720 1195 921 1241 obtutibus,

236 1249 393 1286 Avertat
418 1259 481 1286 ora
509 1249 550 1285 de
577 1249 722 1286 litantis
750 1249 884 1294 hostia,

236 1301 349 1349 Lapis
377 1313 502 1340 severa
529 1301 646 1339 fronte
674 1302 850 1339 mentitur
877 1301 1011 1338 minas.
1176 1301 1252 1337 290

288 1354 416 1401 Miror,
433 1354 529 1402 quod
547 1355 667 1402 ipsum
682 1366 755 1393 non
771 1355 945 1392 sacrastis
961 1355 1175 1398 Mentormn,
1195 1354 1252 1400 (G)

237 1407 316 1445 Nec
341 1407 519 1456 templum
546 1410 583 1446 et
609 1419 693 1445 aras
722 1408 799 1455 ipse
828 1407 981 1445 Phidias
1008 1407 1132 1453 habet,

195 1522 246 1563 (l)
268 1525 434 1554 Minervae
456 1527 569 1563 pectus
588 1525 716 1563 hydris.
741 1525 774 1554 In
796 1524 912 1562 clypeo,
937 1525 992 1554 aut
1019 1524 1050 1553 in
1074 1524 1139 1561 ipsa
1162 1524 1254 1553 lorica

132 1565 378 1637 ssiinervasscaput
398 1566 544 1603 Gorgonis
579 1576 631 1597 seu
662 1566 803 1596 Medusae
835 1567 971 1602 gerebat.
996 1565 1032 1595 V.
1056 1566 1149 1595 Vino.
1171 1568 1253 1594 Aen.

159 1607 219 1643 ΙΙΙ,
240 1607 259 1636 4
282 1607 312 1636 4.

197 1646 249 1686 (2)
271 1649 381 1678 iniecit
391 1651 502 1678 atram
513 1650 638 1679 territis
649 1649 782 1685 for-mid.
797 1649 927 1678 Hebraei
939 1657 977 1678 ex
990 1647 1178 1685 Buxtorphio
1190 1648 1255 1676 ido-

135 1688 217 1725 lum,
234 1688 266 1719 id
279 1690 327 1719 est
345 1690 478 1726 signum,
499 1690 696 1720 simulacrum
719 1691 842 1719 deornm
859 1690 1009 1724 inanium,
1032 1698 1135 1719 eorum
1151 1689 1256 1723 lingua

134 1732 285 1760 vocarunt
305 1735 387 1766 :317
410 1731 634 1771 (terriculum),
657 1732 734 1769 quod
757 1732 871 1762 metum
894 1734 1101 1766 terroremque
1116 1731 1253 1759 inducat.

196 1771 244 1810 (3)
265 1773 441 1811 Ephebum.
467 1773 631 1803 Bacchum.

197 1812 248 1853 (4)
271 1815 380 1844 Molle.
403 1815 546 1844 Adverbii
577 1815 641 1844 ritu
672 1823 725 1852 pro
757 1814 900 1846 molliter.
924 1813 960 1843 V.
985 1813 1075 1843 Ovm.
1099 1814 1174 1844 Met.
1197 1811 1254 1847 IX,

135 1853 213 1890 221;
236 1855 319 1886 Stat.
346 1856 375 1891 1,
397 1855 494 1886 Theb.
518 1856 589 1887 330.

200 1898 243 1931 (5)
265 1897 388 1935 liquore
409 1899 526 1936 cri-91³0,
550 1906 618 1927 aero
639 1896 755 1933 liquido
778 1898 903 1926 imitans
925 1897 1040 1934 crispos
1061 1895 1199 1932 canjllos.

198 1937 246 1977 (6)
266 1939 453 1968 Mentor-mn.
478 1939 633 1969 Artificem
656 1947 795 1974 graevum
819 1939 849 1967 in
884 1939 965 1967 vasis
997 1937 1177 1974 praesertim
1207 1945 1254 1965 ar-

134 1980 253 2014 genmis
273 1980 426 2010 caelandis
448 1980 690 2012 celeberrimum.
715 1996 753 2001 —-
785 1979 924 2009 Phidias
951 1978 1115 2016 pernobilis
1136 1979 1256 2007 statua·

135 2019 213 2056 rius,
243 2021 295 2058 qui
327 2022 357 2051 in
386 2022 475 2051 ebore
502 2021 662 2059 soalpendo
693 2029 795 2050 omnes
829 2021 910 2050 infra
940 2029 972 2049 se
1003 2019 1137 2049 aemulos
1169 2019 1255 2053 longe

135 2060 278 2098 reliquit:
291 2062 352 2092 diis
366 2065 482 2099 tamen,
495 2065 573 2093 teste
584 2063 784 2101 Quintilliano
798 2062 890 2102 (XII,
906 2062 969 2100 10),
981 2069 1071 2098 quam
1083 2061 1255 2090 hominibus

135 2102 302 2135 efficiendis
317 2105 435 2136 melior.
