1450 2537
220 156 295 196 100
600 168 751 195 AVRELH
776 167 973 195 PRVDENTII

429 280 525 327 Quin
553 280 634 328 ipsa
661 280 780 319 odoris
808 280 983 328 qualitas,
1267 281 1344 319 385

377 335 522 371 Adusta
550 346 658 381 quam
685 333 804 371 reddit
831 333 940 379 cutis,

376 387 529 424 D1versa
555 388 726 434 utrosque
752 388 958 433 permovet:

377 440 448 477 His
476 440 594 486 nidor,
626 440 700 477 illis
728 440 853 477 nectar
880 441 948 477 est.

429 510 600 558 Idemque
629 521 772 556 sensus,
803 509 941 557 dispari

375 563 550 601 Variatus
579 575 682 610 aura,
713 564 778 601 aut
805 563 930 601 adficit
1269 564 1345 601 390

377 617 534 654 Horrore
562 628 669 654 nares
697 616 856 661 vindice,

376 671 452 707 Aut
480 670 613 707 mulcet
639 669 890 707 oblectamine.

427 741 499 787 Sic,
530 740 629 788 ignis
657 741 840 786 aeternus,
872 741 996 777 Deus:

375 795 473 831 Nam
502 794 669 831 Christus
697 793 796 841 ignis
824 805 930 831 verus
957 794 1033 839 est3

374 848 414 885 Is
442 848 518 894 ipse
547 847 702 893 complet
730 846 866 884 lumine
1267 847 1342 884 395

373 901 510 946 Iustos,
541 902 577 938 et
603 900 677 937 urit
704 900 843 937 nomos.

429 972 628 1018 Postquam
655 982 767 1018 vapor
795 969 960 1007 diutinus

375 1024 526 1062 Decoxit
553 1024 720 1061 exustum
748 1024 861 1068 latus,

376 1078 479 1114 'Ultro
507 1089 525 1114 e
553 1078 695 1114 catasta
725 1077 783 1124 (1)
813 1076 967 1113 iudicem

376 1131 577 1178 Compellat
604 1130 730 1167 adfatu
760 1129 881 1167 brevi:
1267 1131 1344 1168 400

428 1223 474 1228 -
499 1215 521 1237 «
551 1201 725 1238 Converte
753 1201 893 1247 partem
921 1200 1079 1247 corporis

375 1255 472 1292 Satis
499 1255 696 1292 crematam
723 1253 871 1301 iugiter,

373 1309 423 1345 Et
449 1307 507 1346 fac
534 1307 723 1355 periclum,
754 1306 842 1354 quid
868 1308 954 1344 tuus

374 1361 563 1399 Vulcanus
591 1361 724 1398 ardens
752 1359 880 1410 egerit.
914 1373 935 1394 »
955 1380 1007 1385 —

428 1431 638 1469 Praefectus
666 1430 800 1468 inverti
827 1430 940 1467 iubet.
1264 1430 1342 1468 405

372 1486 474 1523 Tunc
501 1485 591 1522 ille:
622 1505 675 1510 ——-
696 1497 719 1519 «
748 1484 896 1521 Coctum
924 1484 993 1529 est,
1026 1484 1182 1529 devora3

373 1540 422 1576 Et
448 1538 732 1585 experimentum
760 1548 862 1583 cape,

373 1592 427 1629 Sit
455 1592 621 1637 crudum,
651 1602 699 1627 an
728 1601 852 1627 assum
881 1589 1044 1627 suavius.
1077 1602 1098 1624 »
1124 1611 1168 1616 —

427 1663 528 1699 Haec
555 1660 779 1698 ludibundus
808 1659 968 1705 dixerat3

374 1715 521 1753 Caelum
549 1714 678 1751 deinde
707 1712 873 1760 suspicit,
1264 1712 1342 1751 410

372 1770 421 1806 Et
448 1768 719 1815 congemiscens
747 1766 925 1812 obsecrat,

373 1822 569 1859 Miseratus
597 1821 723 1858 urbem
750 1819 968 1858 Romulam:

278 1952 322 1988 (1)
347 1952 489 1980 Catasta.
514 1950 638 1986 Pegma,
662 1948 848 1985 tabulatum,
875 1948 925 1978 ubi
952 1948 1116 1978 venalicias
1137 1957 1237 1978 servos
1252 1957 1340 1986 expo-

213 2001 321 2028 nerent
342 2007 515 2034 mangones.
538 1997 612 2026 Inde
634 1996 774 2031 lectulus,
801 2004 853 2025 seu
879 1996 978 2025 crates
1000 1996 1098 2025 ferrea
1119 1995 1204 2025 dicta
1225 1996 1273 2025 est
1287 1995 1342 2026 illa

215 2047 354 2081 catasta,
380 2046 410 2074 in
434 2054 504 2081 qua,
530 2045 599 2080 igne
631 2043 800 2080 supposito,
833 2043 877 2072 rei
911 2042 1069 2079 torquendi
1103 2043 1174 2071 ante
1205 2042 1340 2072 omnium

215 2092 314 2123 oculos
335 2092 529 2130 ponerentur.
552 2090 591 2121 V.
616 2089 700 2135 Περὶ
726 2088 823 2134 Στεφ.
849 2090 906 2125 56;
931 2089 963 2119 et
984 2089 1060 2119 ibid.
1082 2088 1124 2125 X,
1148 2089 1223 2120 467.
