1450 2537
123 156 199 193 250
505 160 653 188 Avnnffl
682 158 879 186 annssmn

229 273 394 311 Stantem
422 269 558 317 refugit
585 268 725 306 moesta
752 264 971 314 frequentia,

231 329 371 364 Aversa
399 324 538 368 vultus,
570 333 614 359 ne
641 319 868 368 petulantius

231 379 430 425 Quisquam
459 375 655 413 verendum
682 372 908 420 conspiceret
933 372 1067 409 locum.

232 431 400 470 Intendit
426 439 522 467 unus
550 427 641 466 forte
668 425 867 474 procaciter

234 486 285 524 Os
313 484 351 521 in
379 482 553 530 puellam,
584 491 650 518 nec
677 479 838 526 trepidat
865 489 1005 515 sacram

233 539 401 585 Spectare
428 535 582 572 formam
609 533 746 571 lumine
773 531 925 569 lubrico.

235 592 293 628 En
321 590 396 627 ales
426 588 500 636 (1),
531 587 630 634 ignis
658 585 824 623 fulminis
852 584 891 621 in
919 584 1080 630 modum,

236 643 410 682 Vibratur
437 641 585 685 ardens,
615 640 727 686 atque
756 638 878 675 oculos
906 637 1015 675 ferit:

238 698 375 735 Caecus
403 704 551 732 corusco
579 692 716 730 lumine
743 691 893 736 corruit,

238 751 361 797 Atque
390 748 429 785 in
456 747 598 794 plateae
625 745 773 792 pulvere
801 744 972 791 palpitat.

238 803 387 840 Tollunt
414 799 557 838 sodales
585 798 802 836 seminecem
829 797 920 843 solo,

239 856 440 901 verbisque
467 852 603 890 deflent
630 850 898 898 exsequialibus
922 850 993 899 (2).

240 910 326 947 Ibat
351 906 585 953 triumphans
611 905 731 952 virgo,
762 905 877 941 Deum
907 905 1068 949 Patrem,

241 961 497 1008 Christumque
525 969 628 996 sacro
655 957 816 995 carmine
844 957 1055 994 concinens.

242 1015 343 1061 Quod
371 1014 439 1051 sub
465 1011 612 1060 profani
638 1011 720 1048 labe
748 1010 899 1057 periculi

242 1069 392 1107 Castum
418 1067 577 1112 lupanar
603 1075 670 1102 nec
696 1063 868 1101 violabile

243 1122 401 1168 Experta
428 1119 560 1157 victrix
586 1117 783 1165 virginitas
810 1116 916 1154 foret.

243 1175 337 1212 Sunt
365 1172 428 1221 qui
454 1172 622 1219 rogatam
648 1170 841 1207 retulerint
867 1181 989 1217 preces

245 1226 398 1265 Fudisse
427 1225 586 1270 Christo,
617 1223 780 1261 redderet
806 1224 848 1260 ut
875 1234 934 1259 reo

246 1281 380 1318 Lucem
408 1278 565 1316 iacenti:
595 1278 675 1315 tum
702 1276 827 1314 iuveni
854 1276 1010 1313 halitum

246 1333 354 1371 Vitae
382 1332 598 1369 innovatum
625 1329 766 1368 visibus
794 1328 963 1376 integris.

247 1386 412 1424 Primum
440 1389 504 1423 sed
532 1385 659 1421 Aenus
686 1383 785 1420 hunc
812 1382 944 1420 habuit
969 1382 1128 1430 gradum

249 1438 425 1478 Caelestis
452 1437 572 1483 aulae,
602 1447 685 1474 mox
713 1435 809 1473 alius
836 1435 957 1473 (latur.

248 1495 435 1531 Accensus
464 1491 521 1539 (3)
550 1491 658 1535 iram,
688 1500 775 1526 nam
802 1488 901 1526 furor
927 1487 1060 1528 incitat

249 1545 380 1584 Hostis
407 1544 571 1582 cruenti:
602 1564 654 1569 ——
684 1556 706 1577 «
735 1542 886 1588 Vincor‚
917 1541 971 1578 ait
997 1553 1160 1589 gemens:

250 1600 286 1646 I,
318 1598 458 1646 stringe
485 1593 621 1634 terrum
650 1595 709 1645 (4)
739 1595 858 1641 miles,
889 1597 925 1632 et
951 1606 1073 1632 exsere

1220 1594 1270 1631 65

210 1735 256 1772 (1)
277 1735 355 1769 ales,
378 1733 502 1770 angelus
524 1732 582 1762 alis
604 1731 803 1769 amplioribus
823 1731 1003 1761 instructus.

209 1783 252 1820 (2)
275 1780 525 1819 exsequialibus,
550 1780 588 1809 ad
618 1779 779 1815 exsequias
808 1778 926 1808 iuvenis
957 1777 1196 1815 pertinentibus,
1220 1777 1272 1814 qui

148 1825 285 1853 mortuus
305 1823 497 1852 credebatur.

211 1871 255 1909 (3)
271 1880 421 1900 accensus
443 1871 529 1899 iram
567 1866 793 1914 εΕλληνικῷς.
807 1884 845 1888 -
861 1867 910 1897 Sic
922 1866 1002 1903 legg.
1018 1866 1178 1903 Hemsws,
1195 1866 1273 1897 Cun-

150 1926 334 1952 MiLLAnnvs,
347 1917 558 1951 Rvmanrrvs,
572 1918 665 1952 atque
676 1915 720 1944 sic
732 1915 764 1944 in
775 1914 860 1944 codd.
876 1914 998 1946 Vaticc.
1010 1913 1069 1944 Sed
1080 1914 1112 1943 in
1124 1913 1274 1943 Weitzia-

149 1960 210 1995 nis,
234 1968 292 1988 uno
307 1959 408 1988 Vatic.
423 1960 455 1988 et
477 1958 573 1987 altero
584 1956 784 1987 Ruinartian.
806 1956 854 1985 est
875 1964 1039 1991 ascensus,
1053 1955 1106 1992 qui
1127 1955 1168 1984 iis
1188 1962 1274 1993 prae-

150 2001 327 2031 cedentibus
348 2000 488 2036 iungitur
509 2008 584 2028 mox
606 1998 696 2028 alius
717 1998 832 2029 datur.

213 2048 255 2086 (4)
270 2048 300 2083 Ι,
312 2048 436 2084 strinye
445 2047 583 2084 fewum.
599 2061 638 2066 —
650 2045 813 2075 Gusnunvs
828 2043 958 2081 aliique:
975 2044 1128 2083 Astrinye
1137 2043 1275 2081 ferrum.

151 2089 208 2120 Sed
228 2089 377 2119 Hemsws
398 2087 588 2118 emendavit:
612 2087 637 2123 i,
658 2087 782 2124 strinye
803 2086 865 2117 etc.
