1450 2537
158 168 234 206 252
541 177 688 207 Avnssmi
714 178 913 206 Pavonum

265 293 410 340 Spectat
435 293 604 330 tenebras
633 293 746 330 ardna
776 292 834 340 (1)
864 292 1046 338 subditas,
1235 294 1285 332 95

265 346 442 394 Ridetque
473 346 547 394 (2),
580 345 667 383 solis
696 346 791 393 quod
819 347 899 383 rota
927 346 1069 391 circuit,

264 399 366 444 Quod
394 399 551 436 mundus
580 398 699 436 omnis
727 398 842 436 volvit
869 400 904 436 et
932 398 1111 447 implicat,

265 453 399 490 Rerum
427 452 522 499 quod
550 453 630 489 atro
657 452 803 489 turbine
832 451 982 497 vivitur,

266 505 367 551 Quod
394 516 492 543 vana
520 505 631 542 saecli
659 505 845 542 mobilitas
873 505 992 551 rapit3

265 559 397 605 Reges,
428 559 621 606 tyrannos,
652 558 803 605 imperia
831 559 866 595 et
894 558 1046 605 gradu-s,
1209 556 1285 596 100

265 611 493 659 Pompasque
521 611 699 649 honorum
727 611 841 648 stulta
868 610 1113 650 tumentium:

266 664 422 712 Argenti
450 666 486 702 et
513 664 593 701 auri
620 664 695 701 vim
722 664 852 701 rabida
882 664 940 712 (3)
970 664 1033 702 siti

267 718 417 755 Cunctis
445 717 596 764 petitam
625 729 687 764 per
714 717 858 755 varium
886 718 1004 763 nefas,

265 771 462 818 Splendore
489 770 604 808 multo
633 772 773 808 structa
800 770 1032 808 habitacula:

265 824 397 862 Inlusa
426 823 484 872 (4)
514 824 632 871 pictae
661 824 775 861 vestis
804 824 946 870 inania,
1211 823 1286 862 105

266 877 381 924 Iram,
411 877 592 923 timorem,
622 878 722 923 vota,
753 877 941 924 pericula:

265 931 376 968 Nunc
403 930 506 968 triste
537 931 596 980 (5)
624 930 790 978 longum,
821 942 920 968 nune
947 931 1053 968 breve
1082 929 1273 978 gaudium,

266 983 408 1021 Livoris
436 984 507 1020 atri
534 983 716 1021 fumificas
744 984 856 1030 faces,

265 1038 300 1074 N
305 1037 454 1084 igreseit
480 1037 576 1074 unde
604 1049 686 1084 spes
714 1037 918 1082 hominum,
950 1037 986 1074 et
1013 1037 1142 1074 decus:

265 1090 327 1136 Et,
359 1091 454 1137 quod
480 1090 660 1128 malorum
688 1091 818 1128 tetrius
848 1090 1010 1128 omnium
1038 1092 1108 1137 est,
1213 1089 1288 1128 110

266 1142 494 1180 Gentilitatis
523 1144 668 1181 sordida
697 1144 838 1181 nubila.

265 1196 367 1234 Haec
394 1196 514 1234 calcat
542 1198 683 1242 Amnes,
714 1208 756 1234 ac
783 1197 872 1244 pede
899 1197 1073 1244 proterit3

265 1250 376 1288 Stans
403 1251 439 1287 et
467 1250 635 1287 draconis
666 1249 724 1298 (6)
754 1250 851 1288 calce
881 1261 1050 1297 premens
1078 1251 1204 1297 caput,

265 1303 424 1340 Terrena
451 1303 579 1340 mundi
607 1303 670 1350 qui
697 1303 796 1341 ferus
825 1303 949 1341 omnia

266 1356 414 1404 Spargit
442 1356 606 1403 venenis,
637 1357 771 1405 mergit
798 1358 834 1394 et
861 1356 1005 1396 inferis.
1213 1355 1288 1394 115

221 1474 265 1512 (1)
287 1474 406 1503 ardua.
430 1474 555 1512 Proprie
588 1474 700 1503 arduus
732 1475 779 1504 est
811 1483 937 1504 ascensu
969 1473 1115 1510 difficilis,
1149 1473 1288 1506 acclivis,

158 1516 237 1545 Hine
261 1516 352 1550 altus,
377 1516 484 1551 celsus,
507 1515 659 1548 sublimis,

223 1558 266 1594 (2)
289 1558 444 1595 ridetque.
468 1558 607 1589 GisELm.
632 1557 727 1587 habet
749 1558 901 1595 videtque.
919 1557 1001 1595 Quae
1015 1556 1059 1586 sol
1081 1557 1216 1587 circuitu
1237 1565 1291 1586 suo

159 1599 259 1634 cingit
275 1600 435 1628 terrestres
459 1607 506 1628 res
528 1599 626 1628 nulliu
642 1600 788 1628 momenti
805 1608 868 1628 esse
883 1599 983 1635 Agnes
1004 1598 1116 1634 cernit,
1132 1599 1225 1634 atque
1240 1598 1290 1628 ‹le-

158 1640 252 1674 ridet,
277 1642 435 1676 tamquam
459 1640 573 1670 infrase
615 1641 737 1670 omniuo
752 1641 878 1678 positas.
902 1640 962 1669 Hie
984 1647 1054 1669 vero
1079 1639 1161 1669 haud
1183 1640 1236 1669 abs
1258 1649 1291 1670 re

158 1681 253 1710 fuerit
268 1681 300 1710 in
321 1682 455 1711 tironum
472 1682 648 1711 memoriam
662 1690 802 1711 revocare
814 1705 821 1717 ‚
845 1690 922 1717 quae
938 1682 970 1711 in
985 1681 1064 1711 libro
1085 1681 1126 1711 VI
1141 1682 1189 1710 De
1210 1681 1288 1720 Rep.

159 1722 230 1760 Cap.
255 1722 286 1752 II
307 1724 339 1752 et
359 1731 443 1759 seqq,
468 1723 562 1753 habet
581 1723 698 1753 Tullius
719 1724 756 1753 de
777 1723 900 1753 Somnio
921 1723 1073 1760 Scipionis
1094 1722 1247 1754 Africani.

225 1769 276 1808 (3)
299 1770 428 1800 rabida.
454 1770 540 1801 Vett.
564 1771 655 1802 editt.
679 1772 710 1800 et
734 1771 851 1800 codices
866 1770 1020 1800 nonnulli:
1036 1770 1200 1800 rabidam.

222 1816 268 1856 (4)
294 1818 404 1847 inlusa
413 1818 522 1856 pictae
544 1819 648 1849 vestis.
668 1818 780 1853 Vestis,
805 1818 836 1847 in
860 1826 920 1853 qua
942 1817 1057 1847 artifex
1071 1817 1168 1847 veluti
1184 1816 1292 1846 ludens

159 1859 257 1888 multa
282 1859 375 1888 variis
404 1859 554 1888 coloribus
578 1861 610 1889 et
632 1868 704 1889 auro
727 1860 919 1898 depinxerat.
944 1859 980 1888 V.
998 1859 1105 1896 hymn,
1127 1857 1186 1894 XI,
1212 1858 1289 1894 130;

160 1901 272 1930 Amen.
300 1901 461 1938 Perimes,
488 1901 586 1936 12583
611 1903 643 1930 et
665 1901 859 1938 praesertim.
883 1900 976 1932 Vme.
1002 1901 1096 1931 Geor.
1119 1900 1163 1936 Π,
1185 1899 1259 1931 464.

221 1946 271 1985 (5)
296 1948 397 1983 triste,
429 1948 568 1976 neutrius
604 1948 735 1984 generis,
758 1947 896 1978 absolute
928 1956 981 1984 pro
1004 1955 1051 1976 res
1072 1947 1187 1982 tristis,
1209 1945 1290 1976 cala.-

159 1989 263 2019 mitas,
287 1989 323 2020 V.
343 1989 433 2020 Vme.
451 1989 682 2024 LANFRANeun,
699 1990 1007 2027 Lexioonpoe'ticum
1024 1989 1123 2018 totius
1139 1988 1291 2026 Linquae

158 2030 307 2065 Latinae,
332 2030 487 2066 Augustae
508 2031 667 2062 Taurinor.
693 2039 729 2060 ex
751 2030 834 2062 Offie.
859 2030 956 2066 Regia
978 2039 1029 2062 an.
1053 2037 1205 2060 mncccxc.

203 2077 267 2148 ''d-(6)
289 2077 454 2114 draconi&
478 2078 645 2114 daemonis,
670 2078 722 2115 qui
756 2077 900 2108 mortales
932 2077 1025 2107 malis
1046 2076 1166 2107 artibus
1188 2075 1292 2106 devios

159 2126 211 2156 agl
232 2143 240 2152 ,
