1502 2537
369 190 477 226 ΠΕΡΙ
506 190 764 226 ΣΊῈΦΑΝΩΝ
797 198 946 226 HYMNVS
975 198 996 225 x
1173 187 1248 225 213

233 310 267 347 N
273 321 341 347 unc
369 323 410 347 ex
440 311 563 358 palato
591 311 652 349 det
678 321 907 359 repercussos
934 321 1069 355 sonos-3

232 363 341 400 Nunc
368 366 586 411 temperetur
613 364 775 402 dentium
805 365 846 400 de
875 364 1029 411 pectino,

229 415 354 463 Sitque
383 416 441 454 his
468 417 624 464 agendis
651 417 781 465 lingua
810 416 982 464 plectrum
1013 416 1142 453 mobile
1171 416 1244 458 (11.

284 469 321 506 Si
350 470 499 507 mandet
526 470 619 507 idem
640 469 716 518 (2),
738 470 896 507 faucium
926 470 977 506 sie:
1008 469 1150 506 listulas
1171 470 1246 506 9³51}

230 521 373 568 Spin-are
402 522 492 560 flatu
521 523 753 561 concinentes
781 533 954 564 consono,

232 574 282 611 Ut
309 575 418 612 verba
446 575 484 613 in
515 576 604 623 ipsis
631 575 810 623 explicent
839 576 1033 620 meatibus,

232 626 298 664 Vel
325 628 424 665 exitu
451 628 524 666 oris
552 628 729 676 cymbalis
756 628 931 676 profarier
960 629 1034 675 (3),

230 680 340 718 Nunc
366 693 491 728 pressa
519 693 624 729 parce
652 681 775 727 labra,
807 693 903 720 nunc
933 681 1088 718 hiantia.
1171 682 1246 717 940

283 739 486 778 Dubitasno
514 740 607 777 verti
634 751 738 787 posse
767 742 919 778 naturae
947 741 1098 784 statum,

230 791 295 828 Cui
324 791 422 830 facta
449 792 566 830 forma
593 795 663 839 est,
694 793 814 840 qualis
842 795 936 831 esset
964 792 1159 839 primitus?

230 843 338 882 Hanc
366 856 493 893 nempe
521 845 637 883 factor
664 847 814 892 vertere,
846 848 885 883 ut
913 846 1014 891 libet,
1045 847 1176 892 potest,

229 897 444 945 Positasque
471 898 571 946 leges
598 900 715 935 texere
744 910 786 936 ac
814 901 981 938 retexere.

228 950 410 998 Linguam
438 951 582 999 loquela
609 963 653 988 ne
682 951 887 989 ministram
916 951 1084 999 postulet.
1169 952 1244 988 945

282 1009 347 1047 Vis
375 1010 466 1047 seire
494 1010 610 1047 nostri
639 1010 801 1048 numinis
830 1012 1058 1058 potentiam?

228 1061 377 1100 Fluctus
403 1063 578 1110 liquentis
605 1064 771 1110 aequoris
798 1063 931 1110 pressit
958 1064 1068 1110 pede:

226 1115 371 1152 Natura
399 1115 496 1153 fluxa
523 1127 566 1153 ac
594 1116 714 1154 tenuis
743 1117 780 1153 in
810 1117 965 1154 solidum
995 1116 1080 1161 coit,

225 1169 342 1213 Quam
369 1169 495 1216 dispar
523 1169 597 1206 illis
624 1169 781 1216 legibue,
802 1170 886 1227 θυῖε
905 1170 1051 1207 condita
1071 1171 1140 1213 est,

195 1220 202 1228 ’
224 1221 321 1258 Solet
347 1224 498 1259 natatus
526 1221 631 1268 ferre,
662 1221 731 1260 fert
759 1223 928 1270 vestigia.
1167 1224 1241 1260 950

277 1279 400 1317 Habet
427 1280 604 1318 usitatum
633 1292 766 1318 munus
795 1281 861 1318 hoc
889 1281 1080 1326 divinitas,

223 1332 322 1378 Quae
350 1345 435 1370 vera
462 1333 568 1371 nobis
595 1333 725 1371 colitur
751 1334 791 1371 in
821 1334 964 1372 Christo
991 1337 1026 1372 et
1056 1336 1176 1381 Putre,

224 1386 339 1424 Mutis
365 1386 562 1434 loquelam,
592 1386 767 1434 percitum
795 1387 936 1425 claudis
963 1388 1132 1434 gradum,

223 1439 349 1476 Surdis
375 1439 569 1477 fruendam
597 1439 743 1477 reddere
772 1440 1011 1487 audientiam,

224 1491 369 1529 Donare
397 1492 514 1530 caecis
541 1492 634 1530 lucis
663 1492 827 1530 insuetae
857 1493 964 1531 diem.
1165 1494 1240 1531 955

276 1544 378 1582 Haec
405 1545 437 1583 si
465 1545 546 1592 quis
574 1556 700 1582 amens
728 1544 894 1583 fabulosa
921 1546 1120 1593 existimat,

223 1602 290 1640 Vel
319 1603 395 1650 ipse
422 1605 500 1641 tute
529 1603 560 1641 si
587 1615 717 1650 parum
746 1603 868 1641 fidelia

223 1655 362 1694 Rebare
388 1656 541 1703 pridem,
574 1668 658 1694 vera
685 1667 884 1704 cognoscas
912 1657 1018 1703 licet3

179 1759 229 1799 (1)
245 1760 389 1798 Sitque...
414 1759 531 1797 linqua
548 1760 709 1798 plectrum
727 1761 855 1790 mobile:
872 1761 989 1797 Lingua
1004 1770 1134 1798 namque
1156 1763 1242 1792 nobis

115 1801 163 1830 est
187 1804 343 1837 tamquam
367 1801 515 1838 plectrum
551 1801 675 1836 mobile;
705 1802 829 1838 eiusque
851 1811 906 1839 ope
939 1803 1031 1832 verba
1054 1803 1242 1833 modulamus

115 1842 147 1871 in
168 1842 266 1885 palati
289 1843 438 1872 cavitate.
464 1842 498 1873 V.
523 1842 604 1873 Hon.
628 1843 668 1878 Π,
693 1843 758 1873 Sat.
783 1844 814 1877 3,
838 1844 910 1874 274.

178 1895 221 1932 (2)
244 1896 281 1925 Si
296 1895 425 1924 ›nandet
440 1895 536 1930 idem,
551 1897 612 1924 etc.
630 1895 712 1925 Haec
728 1904 761 1925 eo
778 1895 893 1931 valent,
911 1898 945 1925 ut
961 1897 1088 1934 probent
1104 1897 1240 1928 homines

116 1945 210 1973 posse.
235 1936 279 1966 vel
311 1937 418 1972 lingua
449 1937 621 1966 deminutos
653 1936 758 1973 loqui,
787 1937 903 1967 virtute
935 1938 1042 1967 divina
1073 1938 1176 1970 fretos.
1201 1956 1239 1960 —

115 1978 275 2007 khncium
305 1978 436 2014 fistulas
471 1977 607 2014 intellige
639 1978 772 2008 saucium
807 1982 941 2013 meatus-2
977 1981 1043 2008 oris
1079 1980 1238 2017 cymbala,

115 2018 201 2048 labra
223 2019 252 2047 in
277 2019 396 2048 modum
419 2019 563 2056 cymbali,
579 2027 656 2055 quae
678 2020 774 2049 vicem
797 2019 920 2057 liuguae
944 2020 1120 2057 fungantur.

176 2071 227 2113 (3)
246 2074 412 2111 profarier
433 2071 636 2119 παραγωγή.
