1502 2537
326 0 545 33 ,Fa-fvr-rrz
587 0 605 5 ··
664 15 668 17 -
719 0 730 5 “
827 0 830 2 ·
883 0 977 11 w·-

342 125 452 162 ΙΙΕΡΙ
477 125 736 162 ΣἸῈΦΑΝΩΝ
764 134 915 162 nrmws
943 134 978 162 xi
1142 126 1217 162 2235

94 247 217 286 Plebis
243 257 364 285 amore
392 259 479 285 suae
507 247 633 285 multis
661 246 921 286 comitantibus
953 248 964 295 (
974 247 1012 295 1)
1045 248 1138 285 ibat:

146 299 344 339 eonsultus
371 312 551 348 quaenam
579 303 678 338 secta
706 300 797 338 foret
826 300 963 345 molior,

92 352 307 401 Respondit:
326 366 349 389 «
365 374 415 380 -
431 353 560 401 fugite,
576 365 596 391 o
612 354 747 399 miseri,
765 354 985 390 exsecranda
1004 354 1137 391 Novati
1157 354 1215 400 (2¹)

144 405 364 452 schismata,
393 406 584 444 catholicis
610 406 748 444 reddito
777 418 840 443 vos
869 406 1024 453 populis.
1167 411 1216 443 :30

93 459 177 497 Una.
203 459 293 497 fides
321 459 457 506 vigeat,
487 459 605 507 prisco
629 471 720 507 quae
747 459 893 497 condita
921 460 1055 506 templo
1084 461 1160 496 ost:

144 511 262 558 Quam
290 512 430 550 Paulus
457 512 603 558 retinet,
634 523 814 560 quamque
842 512 1015 549 cathedra
1050 512 1158 549 Petri.

90 564 191 611 Quae
217 564 337 610 docui,
368 565 532 603 docuisse
559 565 682 613 piget:
714 565 916 602 venerabile
947 566 1086 612 Martii·
1116 567 1174 613 (3)

145 617 276 664 Cerno,
306 618 402 666 quod
429 630 452 655 a
479 618 580 656 cultu
608 619 711 656 rebar
739 618 864 655 abesse
896 618 974 654 Dei.
1009 633 1030 650 »
1062 639 1110 644 —

92 670 165 709 His
191 670 254 708 ubi
281 670 433 708 detorsit
459 670 562 708 laevo
590 671 632 708 dc
660 670 806 708 tramite
835 671 989 717 plebem,
1166 673 1214 708 :⁷35

142 723 434 772 Monstravitque
462 723 579 771 sequi,
609 735 681 771 qua
709 724 769 760 via
797 723 925 760 dextra
953 725 1071 767 vocat,

90 776 204 825 Seque
232 776 358 815 ducem
385 777 488 823 recti,
518 777 650 824 spretis
677 776 904 813 anfractibus
935 775 1009 824 (4),
1042 776 1136 814 idem

143 829 332 876 Praebuit,
362 829 494 867 erroris
521 829 584 877 qui
610 829 711 876 prius
739 831 864 866 auctor
891 832 982 866 erat.

89 881 240 920 Sistitur
266 882 398 920 insano
425 881 568 926 rectori,
599 881 835 920 Christicolas
863 883 952 919 tunc

142 934 250 973 Ostia
275 934 424 973 vexanti
449 946 512 982 per
538 934 710 972 Tiberina
740 933 799 982 (5)
830 934 937 971 viros.
1165 936 1214 971 40

90 986 162 1025 1110
188 999 346 1036 namque
374 987 430 1025 die
459 989 573 1025 Roma
602 989 812 1033 secesserat,
843 987 941 1034 ipsos

143 1040 250 1078 Peste
278 1040 507 1078 suburbanos
533 1042 575 1077 ut
603 1042 769 1087 quateret
794 1040 960 1087 populos.

89 1093 175 1131 Non
201 1094 396 1131 contentus
424 1093 574 1130 humum
602 1093 700 1130 celsa
728 1093 826 1130 intra
855 1093 997 1129 movnia
1029 1095 1161 1130 Rornae

141 1145 323 1194 Tinguere
350 1145 527 1184 iustorum
555 1146 727 1183 caedibus
754 1146 936 1183 assiduis:

86 1198 308 1237 Ianiculum·
329 1209 441 1246 quum
468 1198 542 1236 iam
569 1199 772 1245 madidum,
794 1199 886 1244 sora,
909 1200 1055 1243 Rostra,
1079 1201 1142 1236 Su-

828 1250 989 1301 [burrain
1021 1252 1080 1301 (6)
1165 1254 1212 1289 45

140 1305 312 1343 cerneret
337 1303 455 1351 eluvie
482 1303 678 1352 sanguinis
707 1304 878 1350 adfluere,

151 1438 197 1477 (1)
218 1439 333 1468 multis
354 1439 596 1469 comitantibus.
620 1438 710 1469 vinc.
735 1439 815 1469 Aen.
840 1439 897 1473 111,
921 1439 992 1469 346.

149 1480 199 1519 (2)
221 1480 369 1510 Schisma
391 1481 523 1510 Novati.
547 1480 686 1509 Novatus
709 1479 846 1515 aequalis
868 1480 898 1510 S.
927 1480 1070 1516 Cypriani
1088 1480 1158 1515 fuit,
1181 1482 1213 1511 et

89 1522 236 1558 magister
256 1522 367 1551 erroris
383 1521 478 1555 illius,
496 1529 553 1557 quo
569 1521 721 1550 statuitur
737 1520 938 1555 Christianos,
958 1522 1095 1557 quamvis
1111 1524 1213 1559 poeni-

87 1563 189 1592 tentia
203 1564 316 1598 tactos,
340 1562 378 1591 ad
401 1570 563 1598 germanae
585 1561 756 1591 catholicae
772 1562 929 1591 doctrinae
951 1563 1113 1591 veritatem
1131 1564 1210 1593 rede-

86 1605 188 1640 untes,
199 1603 290 1633 venia
304 1603 446 1639 indignos
460 1612 534 1633 esse.
546 1603 576 1632 Is
587 1603 713 1632 Romam
726 1611 818 1638 quum
830 1604 962 1633 venisset
973 1603 1107 1633 Cornelio
1120 1605 1209 1634 Pont.

86 1645 169 1676 Max.
192 1645 351 1682 negotium
383 1653 477 1682 grave
508 1644 616 1680 dedit,
640 1645 686 1674 uti
716 1646 845 1674 narrant
874 1653 973 1674 rerum
1003 1644 1208 1677 christianas.

85 1686 261 1724 scriptores.

145 1727 190 1765 (3)
224 1726 406 1757 Venerabile
430 1728 571 1764 martyr.
595 1726 756 1756 Temnon.
780 1725 938 1757 Rvnunr.
979 1729 1008 1755 et
1035 1727 1211 1757 venerabile

85 1770 226 1807 martyr.
249 1767 350 1798 Editt.
375 1767 524 1805 plurimae
545 1767 671 1797 missam
694 1766 816 1796 faciunt
836 1767 1043 1804 copulativam
1064 1771 1106 1799 et.

148 1809 193 1848 (4)
215 1809 433 1847 anfractibus,
456 1809 517 1838 viis
538 1809 570 1838 in
591 1809 728 1838 diversas
750 1810 855 1846 partes
869 1809 1108 1846 pertinentibus,
1132 1817 1210 1846 quae

86 1850 120 1880 in
141 1859 174 1880 se
198 1852 369 1880 recurrant.
394 1849 512 1880 Transl.

148 1892 192 1929 (5)
216 1892 308 1922 Ostia
324 1901 386 1930 per
410 1891 574 1925 Tiberina,
598 1898 658 1927 qua
679 1890 797 1920 Tiberis
820 1891 851 1920 in
874 1899 958 1921 mare
979 1891 1113 1929 profluit.
1130 1891 1210 1922 Urbs

87 1932 130 1962 ibi
153 1932 240 1963 Ostia
261 1933 300 1962 ab
321 1933 404 1962 Anco
426 1932 540 1962 Martio
554 1932 688 1962 condita.

148 1974 194 2012 (6)
214 1974 415 2008 Ianiculum,
437 1974 512 2010 fora
533 1975 608 2010 etc..
631 1975 736 2011 partes
752 1972 836 2002 urbis
860 1973 1040 2011 praecipuas
1061 1974 1210 2010 sanguine

84 2016 255 2085 martiyrum
277 2015 491 2052 redundantes,
529 2022 605 2052 quas
638 2013 787 2052 magister
807 2014 926 2052 peritus
959 2014 1118 2053 discipulis
1145 2017 1210 2045 suis

83 2065 159 2087 enuc
172 2056 267 2087 eabit.

119 2131 153 2159 Δ.
172 2130 329 2159 rmum
350 2131 448 2167 Opera.
1105 2131 1140 2158 15
