1502 2537
158 70 207 90 ,Δ

379 141 486 177 ΠΕΡΙ
514 140 772 177 ΣῚῈΦΑΝΩΝ
803 148 954 177 nnnws
981 149 1019 177 ιι
1181 137 1255 177 167

135 209 263 218 μ-

47 255 49 257 ’
136 263 270 301 Doctor
296 274 443 301 amarus
470 263 568 301 onim
596 263 750 302 discenti
777 275 918 311 semper
945 263 1096 310 ephebo,

189 316 267 353 Nec
293 315 411 354 dulcis
437 316 515 354 ulla
543 316 739 364 disciplina
767 316 946 354 infantiae
974 318 1042 353 est.

134 375 243 420 Ecce,
274 374 381 412 fidem
408 375 577 422 quatiens
603 377 800 422 tempestas
829 387 952 420 saeva,
982 375 1165 422 premo-bat

191 428 335 467 Plebem
362 428 520 466 dicatam
549 428 778 466 Christianae
805 429 956 475 gloriae.
1209 428 1259 463 :30

135 487 350 525 Extrahitur
377 490 480 525 coetu
507 500 525 524 e
554 487 670 525 medio
698 487 902 525 moderator
929 487 1069 525 alumni

188 540 333 589 Gregis,
363 541 459 588 quod
487 541 560 578 aris
588 540 791 588 supplicare
820 543 1017 587 spreverat.

137 601 340 639 Poenarum
368 600 503 638 artifici
531 600 733 647 quaerenti,
764 600 858 648 quod
886 612 1002 644 genus
1031 599 1121 636 artis

188 654 256 692 Vir
282 654 406 691 nosset
432 653 506 690 alto
533 656 609 690 tam
636 653 782 690 rebellis
810 653 941 700 spiritu
958 684 966 699 ‚

137 712 392 760 Respondent:
415 723 547 760 agmen
566 713 729 748 tenerum
749 723 791 748 ac
811 712 945 758 puerile
965 712 1159 759 gubernat,
1209 712 1257 746 :35

191 765 302 803 Fictis
327 767 453 802 notare
481 764 590 801 verba
618 764 737 812 signis
766 764 945 801 imbums.

136 824 278 869 Ducite,
308 823 525 867 conclamat,
554 823 766 870 captivum3
799 823 935 868 ducite,
967 825 1002 859 et
1030 822 1125 859 ultro

189 877 352 915 Donetur
379 876 469 924 ipsis
497 876 702 913 verberator
729 876 906 923 parvulis.

136 935 187 973 Ut
211 935 315 981 libet,
345 934 529 980 inludant,
559 934 720 971 lacerent
748 933 909 981 impune,
940 946 1141 982 manusque

187 988 376 1036 Tinguant
403 987 572 1035 magistri
599 986 749 1024 feriatas
779 987 836 1034 (1)
864 987 1058 1035 sanguine.
1209 987 1258 1023 40

134 1046 278 1086 Ludum
305 1046 509 1094 discipulis,
538 1045 667 1093 volupe
696 1047 752 1083 est
780 1045 855 1094 (2),
885 1047 927 1083 ut
954 1047 1124 1092 prael.›eat
1152 1046 1243 1092 ipse,

188 1100 322 1138 Doctor
348 1110 494 1137 severus
522 1109 612 1146 quos
639 1098 751 1136 nimis
780 1099 838 1147 (3)
869 1099 1040 1137 coercuit.

134 1158 305 1197 Vincitur
330 1159 413 1205 post
439 1158 545 1205 terga
571 1169 717 1202 manus,
748 1157 927 1204 spoliatus
955 1158 1105 1203 amictu,

127 1217 134 1222 '
187 1211 304 1249 Adest
329 1210 448 1249 acutis
476 1222 609 1258 agmen
636 1211 817 1248 armatum
846 1210 942 1248 stilis
972 1212 1044 1259 (4).

133 1270 318 1317 Quantum
345 1269 498 1318 quisque
525 1269 599 1307 odii
624 1269 739 1307 tacita
765 1272 977 1316 conceperat
1004 1270 1072 1315 ira,
1207 1271 1258 1307 45

186 1323 353 1361 Effundit
380 1323 513 1360 ardens
539 1322 623 1360 felle
650 1323 799 1360 tandem
826 1322 951 1360 libero.

135 1381 345 1420 Coniiciunt
371 1381 437 1419 alii
462 1380 614 1429 fragiles
642 1380 752 1428 inque
780 1392 843 1419 ora
870 1381 1026 1418 tabellas

186 1435 400 1482 Frangunt:
430 1433 541 1472 relisa
567 1433 686 1472 fronte
713 1434 858 1482 lignum
886 1434 1033 1472 dissilit.

196 1564 242 1602 (1)
264 1573 495 1602 manusque....
519 1564 669 1601 feriatas,
703 1563 830 1599 inertes,
853 1571 930 1600 quae
964 1571 983 1592 a
1013 1563 1172 1593 scribendo
1194 1573 1256 1594 ees-

133 1607 250 1636 sarent.

197 1657 243 1696 (2)
266 1657 377 1695 volupe
397 1659 451 1687 est.
474 1657 546 1687 Mss.
571 1658 813 1694 praestantiores
835 1658 868 1687 et
888 1657 1011 1686 Vative.
1033 1658 1062 1686 et
1085 1657 1256 1688 Heius-iani.

134 1699 272 1729 Ceterum
293 1699 449 1736 volup’eet
469 1698 727 1735 plautinissimum
748 1702 806 1729 est.
830 1699 1014 1737 Quibusdam
1030 1699 1131 1736 placet
1144 1700 1212 1729 volo
1226 1709 1258 1729 se

134 1750 211 1775 esse,
234 1741 283 1770 cui
305 1740 435 1770 dictioni
456 1739 652 1769 adhaerescit
674 1740 840 1772 Werrzws

197 1794 242 1830 (3)
263 1792 627 1829 ninsis.Refragantibus
642 1792 755 1824 codice.
769 1793 896 1823 maioris
917 1793 1063 1824 momenti
1085 1793 1258 1824 Cummvs

135 1835 235 1866 edidit
254 1835 375 1864 minis!

199 1888 244 1926 (4)
265 1896 380 1926 aqmen
401 1890 566 1916 armatum
598 1887 698 1928 stilis.
728 1887 873 1925 Aqmen,
896 1886 1112 1924 discipulorum
1139 1887 1258 1924 globus,

135 1929 237 1960 turba.
260 1928 493 1958 Arethusiorum
515 1927 654 1966 pontifex
674 1928 706 1957 in
737 1927 849 1965 Syria,
872 1929 952 1958 teste
973 1929 1004 1959 S.
1027 1928 1172 1965 Gregorio
1196 1929 1257 1958 Na·

135 1971 291 2006 zianzeno,
314 1969 346 1999 id
366 1970 511 1999 tormenti
533 1977 628 2006 genus
649 1969 697 1999 est
716 1970 879 2007 expertus:
895 1969 1045 2006 siquidem
1067 1969 1099 1999 in
1114 1969 1201 2000 Orat.
1218 1969 1258 1998 111

134 2012 242 2042 contra
261 2010 374 2041 Iulian.
398 2010 489 2041 cultri
514 2011 654 2049 pennarii
687 2009 878 2055 (γραφὶδες)
910 2011 1126 2048 recensentur,
1148 2011 1258 2048 quibus

134 2059 221 2099 pueri
243 2058 425 2090 venerabilis
446 2058 526 2089 senis
547 2066 654 2097 corpus
673 2057 934 2097 perterebrarunt.
