1450 2537
565 160 714 188 AVRELII
742 158 942 188 PRVDENTII

344 276 394 312 Ut
422 275 598 312 idolorum
626 274 801 320 respuant
827 271 1038 320 caliginem,

293 330 453 366 (lornant
480 330 522 365 ut
548 328 639 364 illud
667 327 788 363 lumen
818 328 987 363 aeternae
1016 327 1108 374 spei,

294 383 375 419 Non
408 381 629 418 succulentis
659 380 717 427 (1)
748 379 906 416 influens
935 379 1138 427 obtutibus,

293 436 369 471 ch
397 433 600 480 corporales
628 444 691 479 per
719 431 899 469 fenestras
927 433 1104 478 emicans,

296 487 400 524 Puris
430 487 491 523 sed
521 486 621 523 intus
642 485 737 533 quod
764 485 901 522 relucet
928 486 1124 523 mentibus.
1236 487 1311 524 435

349 545 492 592 Pupilla
521 544 642 581 carnis
671 554 796 581 crassa
824 554 987 581 crassum
1016 543 1204 591 perspicit,

292 600 340 636 Et
368 611 423 635 res
452 598 603 642 caduca,
635 596 730 644 quod
757 596 1010 634 resolvendum
1038 598 1107 643 est,
1138 596 1257 634 videt:

292 652 457 698 Liquidis
485 650 651 687 videndis
679 650 787 696 aptus
815 651 871 687 est
898 650 1044 687 animae
1071 650 1188 698 liquor
1217 650 1297 699 (2):

292 706 435 742 Natura
463 704 606 740 fervens
635 703 727 748 sola,
759 702 1049 740 ferventissimae

292 757 508 795 Divinitatis
536 756 610 793 vim
638 757 888 793 coruscantem
915 757 1028 803 capit.
1236 755 1312 792 440

346 817 424 853 Hoc
452 817 550 862 opto,
581 815 703 852 lumen
731 815 934 862 Imperator
962 814 1103 853 noverit

291 871 390 906 Tuus
418 880 604 915 meusque,
636 868 668 905 si
696 868 783 905 velit
810 868 888 905 fieri
915 879 1040 913 meus3

293 924 389 959 Nam
418 922 448 959 si
476 921 615 958 resistit
643 921 850 958 Christiano
879 921 1032 967 nomini,

293 976 396 1012 Meus
424 975 484 1011 ille
512 974 601 1011 talis
629 974 823 1020 imperator
851 985 925 1011 non
954 974 1043 1012 erit:

292 1028 414 1065 Scelus
429 1027 583 1073 iubenti⁷
597 1027 713 1073 crede,
731 1039 931 1074 numquam
946 1027 1116 1064 serviam.
1136 1039 1158 1061 »
1169 1048 1222 1053 —
1237 1027 1312 1064 445

344 1108 396 1114 —
426 1100 447 1121 «
476 1087 604 1132 Statis,
634 1086 810 1132 ministri,
840 1086 1036 1124 clamitans
1064 1086 1171 1124 iudex
1200 1086 1267 1132 ait,

293 1141 429 1177 Statis?
457 1151 659 1187 manusque
687 1139 882 1177 continetis
911 1139 1102 1176 vindices?

293 1195 377 1231 Non
405 1194 513 1240 rupta
541 1192 653 1230 sulcis
682 1192 872 1230 dissecatis
899 1193 1067 1230 viscera?

292 1247 466 1284 Animam
493 1257 559 1283 nec
587 1245 688 1283 intus
717 1245 878 1282 abditam
906 1245 1106 1290 rimamini,

293 1299 462 1346 Erumpit
475 1299 571 1336 unde
586 1310 654 1336 vox
667 1298 822 1345 profana
835 1298 874 1335 in
889 1298 1115 1346 principem?
1132 1311 1154 1331 »
1172 1318 1220 1325 -
1238 1298 1314 1335 450

346 1358 525 1395 Scindunt
551 1358 743 1405 utrumque
771 1357 905 1395 milites
932 1357 1108 1394 teterrimi

295 1412 465 1448 Mucrone
493 1410 613 1448 hiulco
643 1410 701 1459 (3)
729 1410 882 1457 pensilis
907 1410 1006 1447 latus
1034 1409 1118 1455 viri,

296 1464 445 1501 Sulcant
472 1475 535 1510 per
563 1465 664 1501 artus
690 1463 803 1511 longa
830 1463 978 1501 tractim
1005 1462 1171 1508 vulnera,

297 1518 454 1564 Obliqua
481 1516 604 1562 rectis,
634 1518 733 1554 recta
760 1516 982 1553 transversis
1010 1516 1152 1561 secant,

295 1572 344 1609 Et
371 1570 445 1607 iam
471 1570 619 1607 retectis
645 1571 772 1616 pectus
800 1569 898 1606 albet
925 1568 1082 1606 ossibus.
1237 1568 1314 1605 455

350 1629 509 1666 Nitendo
537 1629 729 1674 anhelant,
760 1627 930 1665 diffluunt
957 1627 1163 1673 sudoribus,

296 1684 413 1728 Quum
442 1682 490 1719 sit
517 1682 661 1729 quietus
687 1682 807 1727 heros,
838 1681 877 1718 in
906 1692 1012 1728 quem
1040 1680 1224 1718 saeviunt.

298 1736 398 1773 Haec
426 1735 520 1773 inter
547 1735 651 1772 addit
678 1736 806 1782 sponte
834 1735 1014 1772 ROMAst
1041 1733 1164 1781 loqui:

254 1864 300 1903 (1)
321 1865 517 1893 succulentis
538 1865 570 1894 et
598 1864 788 1900 suculenh‘s,
811 1863 894 1893 succi
923 1862 1031 1901 plenis,
1047 1863 1112 1899 qui,
1137 1871 1230 1899 quum
1251 1862 1316 1892 sint

191 1907 304 1942 vegeti,
322 1906 446 1935 humore
462 1906 643 1936 redundant.

254 1953 303 1992 (2)
326 1954 454 1982 «niniae
478 1954 606 1991 liquor,
630 1953 751 1991 puritas
783 1952 893 1988 animi,
917 1960 994 1988 quae
1027 1951 1111 1982 clara
1142 1951 1175 1981 et
1208 1950 1315 1980 divina
1338 1967 1341 1971 ·

190 1996 349 2032 perspicit.

254 2041 302 2079 (ῖῖ)
326 2051 475 2071 mum-one
496 2042 615 2079 hiulco,
640 2041 777 2078 Ungulas
792 2041 954 2078 memorat,
971 2041 1007 2071 de
1022 2040 1132 2078 quibus
1155 2040 1187 2069 in
1203 2039 1315 2080 hymno

191 2083 221 2116 S.
247 2084 333 2114 Vine
360 2084 429 2114 1123.
454 2100 492 2104 —
512 2084 663 2125 pensilis,
687 2083 859 2124 pendentis.
