1450 2537
186 144 260 180 228
561 153 711 180 Avitum
737 153 939 181 Pavonum

186 268 308 314 Deque
338 266 423 312 iugo
452 265 491 303 in
517 265 671 314 longum
699 277 737 303 se
765 266 848 312 post
874 265 1033 313 vestigia
1060 266 1155 304 retro

240 319 462 356 Protendons
490 319 664 364 trahitur,
694 318 831 356 transit
856 320 893 356 et
919 318 994 356 ima
1021 319 1167 366 pedum.
1237 318 1312 358 100

184 373 304 409 Huius
333 372 379 408 ad
407 374 620 417 extremum,
651 371 816 418 sequitur
844 382 916 419 qua
942 371 1090 419 pulvere
1119 384 1260 410 summo

237 425 477 471 cornipedum
503 424 652 472 refugas
680 423 798 461 orbita
824 424 914 461 trita
940 424 1020 462 vias
1050 424 1126 474 (1),

184 479 297 516 Crura
325 478 393 514 viri
422 478 576 515 innectit
603 478 770 525 laqueus,
802 477 965 525 nodoque
993 479 1114 516 tenaci

237 531 449 577 Adstringit
476 531 638 577 plantas,
669 541 822 577 cumque
849 530 1001 568 rudente
1028 531 1134 578 ligat.

183 586 382 631 Postquam
410 583 607 630 composito
636 583 727 621 satis
756 583 958 621 instruxere
987 586 1120 631 paratu
1235 583 1311 622 105

236 637 410 684 lll'artyris
438 637 485 673 ad
513 648 680 683 poenam,
711 636 875 683 verbera,
907 636 1043 682 vincla,
1074 637 1169 676 feros
1199 636 1275 687 (2),

182 690 373 737 Instigant
402 690 532 727 subitis
561 689 780 727 clamoribus
808 691 916 738 atque
944 690 1119 738 flagellis,

235 743 377 790 Iliaque
406 742 549 780 infestis
576 742 786 790 perfodiunt
813 743 984 780 stimulis

181 796 321 833 Ultima
348 807 417 833 vox
445 796 571 833 audita
599 796 696 833 senis
724 795 943 833 venerabilis
970 797 1059 834 haec
1087 797 1165 833 est:
1207 808 1229 831 »
1259 818 1310 824 —

234 849 294 886 Hi
321 849 484 896 rapiant
510 851 635 896 artus,
668 851 710 886 tu
738 860 844 896 rape,
878 847 1043 895 Christe,
1073 850 1159 887 ani-

931 900 1053 953 [mam
1082 917 1119 940 ».
1151 923 1203 930 —
1233 901 1310 940 110

182 955 429 1002 Prorumpunt
456 955 596 993 alacres
625 953 701 1004 (3),
732 966 836 992 caeco
864 956 900 992 et
925 957 1060 993 terrore
1088 955 1268 1003 feruntur,

234 1009 313 1054 Qua
341 1019 453 1045 sonus
481 1009 589 1056 atque
617 1009 766 1054 tremor,
797 1020 869 1055 qua
896 1008 995 1046 furor
1022 1009 1227 1057 exagitant.

181 1061 353 1099 Incendit
380 1061 520 1107 feritas,
552 1062 649 1108 rapit
676 1062 847 1108 impetus,
879 1063 915 1098 et
941 1061 1066 1109 fragor
1092 1063 1240 1110 urguet,

234 1115 312 1152 Nec
340 1125 467 1152 cursus
496 1115 640 1152 volucer
667 1114 797 1152 mobile
826 1114 938 1152 sentit
965 1126 1071 1152 onus.

181 1168 251 1205 Per
279 1167 407 1213 silvas,
439 1179 502 1214 per
530 1179 619 1205 saxa
647 1169 773 1213 ruunt,
805 1179 878 1205 non
905 1167 986 1215 ripa
1013 1168 1179 1205 retardat
1233 1167 1308 1205 115

233 1220 429 1266 Fluminis,
460 1222 525 1258 aut
551 1223 693 1258 torrens
721 1221 908 1268 oppositus
936 1221 1093 1259 cohibet.

180 1274 424 1311 Prosternunt
452 1285 592 1320 saepes,
623 1275 659 1311 et
686 1275 818 1311 cuncta
845 1274 1033 1312 obstacula
1060 1275 1253 1322 rumpunt,

234 1328 369 1371 Prona,
400 1326 549 1374 fragosa
576 1328 720 1374 petunt,
751 1326 865 1364 ardua
892 1327 1123 1365 transiliunt.

180 1380 302 1417 Scissa
330 1380 540 1416 minutatim
567 1379 749 1417 labefacto
777 1391 924 1426 corpore
952 1380 1071 1417 frusta

234 1433 358 1480 Carpit
386 1433 583 1480 spinigeris
612 1433 789 1479 stirpibus
816 1432 936 1470 hirtus
963 1444 1065 1480 ager.
1230 1432 1307 1471 120

180 1487 272 1523 Pars
301 1486 452 1523 summis
479 1486 612 1533 pendet
640 1485 812 1533 scopulis,
843 1497 929 1532 pars
958 1485 1122 1524 sentibus
1148 1485 1288 1533 haeret,

235 1541 341 1576 Parte
370 1540 501 1576 rubent
529 1539 688 1585 frondes,
719 1540 821 1586 parte
850 1539 1026 1576 madescit
1052 1539 1200 1577 humus.

178 1592 375 1639 Exemplar
403 1592 548 1629 sceleris
576 1592 695 1639 paries
724 1592 835 1629 habet
862 1592 1007 1638 inlitus,
1037 1591 1077 1629 in
1105 1603 1176 1640 quo

232 1645 438 1682 Multicolor
466 1645 571 1682 fucus
601 1645 734 1692 digerit
762 1656 866 1682 omne
894 1644 1014 1683 nefas.

243 1750 286 1787 (1)
310 1750 441 1787 refnqas
462 1749 605 1780 orbita...
629 1750 712 1785 vices,
735 1749 768 1779 in
790 1749 927 1779 diversas
948 1749 1053 1787 partes
1075 1749 1248 1781 tendentes.

242 1792 285 1830 (2)
308 1792 402 1828 feros.
428 1791 545 1830 Vatiee.
570 1791 823 1828 praestantiores,
847 1791 995 1821 Hnmsws
1017 1791 1050 1820 et
1071 1790 1241 1824 erzws.

242 1849 280 1854 -—
301 1833 390 1870 feras
411 1832 572 1861 nonnullae
593 1832 684 1862 editt.
719 1832 751 1862 et
773 1831 933 1862 Rvnum.
957 1831 1099 1862 Ceterum
1130 1841 1224 1864 masc.
1249 1834 1307 1862 aut

179 1874 283 1904 semin.
314 1882 422 1909 genere
444 1873 716 1902 indiscriminatim
739 1874 904 1911 usurpatur
925 1872 1000 1903 haec
1022 1882 1082 1903 vox
1109 1873 1222 1905 adieet.
1252 1883 1306 1912 pro

179 1915 287 1951 quavis
309 1915 409 1944 bestia
431 1915 642 1950 quadantenus
674 1915 837 1945 indomita.
861 1915 898 1945 V.
922 1915 1013 1945 VIRG.
1037 1915 1074 1944 de
1108 1923 1184 1951 equo
1207 1915 1300 1953 (Aen.

182 1958 230 1991 11,
256 1957 319 1994 51);
344 1956 380 1985 de
403 1965 489 1985 cervo
511 1956 554 1986 id.
579 1956 636 1993 (ibi
660 1956 717 1991 viI,
741 1956 832 1994 489);
850 1956 886 1986 de
907 1956 992 1986 leone
1013 1956 1156 1988 PHAEDR.
1183 1956 1222 1994 (Ι,
1238 1956 1304 1995 21),

179 1999 214 2028 (le
237 1998 330 2027 bobus
352 1997 442 2028 Ovm.
469 1998 556 2034 (Met.
579 1997 605 2032 Ι,
630 1998 715 2035 550).

241 2039 284 2075 (ll)
310 2040 535 2076 Prorumpnnt
565 2039 699 2068 alacres.
734 2038 810 2067 Vide
838 2039 880 2067 Sis
912 2038 984 2069 SEN.
1012 2038 1226 2075 tragoediam,
1255 2039 1303 2069 cui

182 2081 303 2111 litulus:
327 2081 527 2118 Hippolytus
548 2079 618 2111 Aet.
641 2080 681 2110 IV
711 2088 803 2110 scena
825 2079 871 2111 1³.
