1450 2537
189 140 238 177 32
571 149 719 176 AVRELII
748 147 945 175 annun'rn

400 262 506 299 Mens
534 263 707 299 aestuans
736 259 917 307 procellis,

349 316 523 362 Curisque
552 314 731 357 sauciata,

346 369 450 405 Totis
477 368 570 405 bibit
597 366 764 404 medullis
1266 366 1314 404 15

349 421 530 460 Obliviale
560 420 617 468 (1)
646 419 802 466 poclum.

401 474 519 520 Serpit
546 485 607 519 per
635 483 738 509 0111110
767 481 896 518 corpus

348 527 506 564 Lethaea
533 527 602 571 vis,
633 537 698 562 neo
725 524 840 561 ullum

347 580 491 617 Misoris
520 578 653 615 doloris
682 577 782 624 aegri

347 633 490 670 Patitur
518 643 662 668 manere
691 642 852 668 sensum.
1266 632 1315 668 20

400 687 472 723 Lex
500 685 588 721 haec
617 685 703 720 data
731 683 794 720 ost*
813 682 960 720 caducis

348 740 421 776 Deo
449 738 609 782 iubente,
642 736 825 781 membris,

348 792 396 828 Ut
423 792 597 837 temperet
625 790 782 827 laborem

347 843 574 881 Medicabilis
603 843 784 890 voluptas.

399 897 480 942 Sed,
512 897 597 933 dum
626 897 786 943 pererrat
814 907 938 933 omnes
1265 897 1314 933 25

345 950 452 995 Quies
481 949 598 986 amica
625 960 755 994 venas,

347 1004 548 1049 Pectusque
577 1002 745 1039 feriatum

347 1056 489 1100 Placab,
520 1055 665 1102 rigante
695 1066 835 1100 somno,

399 1109 505 1146 Liber
533 1110 646 1155 vagat
675 1107 732 1154 (2)
762 1119 824 1154 per
852 1119 961 1145 auras

346 1162 486 1208 Rapido
514 1161 636 1209 vigore
664 1172 808 1206 sensus,
1264 1163 1314 1199 30

348 1215 549 1261 Variasque
578 1225 640 1261 per
668 1213 821 1260 figuras,

346 1269 444 1313 Quae
473 1269 560 1304 sunt
589 1268 712 1313 operta
740 1266 868 1303 cernit.

398 1320 490 1366 Quia
517 1331 620 1357 mens
648 1319 767 1356 soluta
796 1319 908 1366 curis,

347 1373 412 1410 Cui
441 1374 496 1410 est
524 1372 624 1420 origo
652 1372 806 1417 caelum,

346 1428 534 1473 Purusque
562 1425 643 1463 fons
671 1425 717 1462 ab
745 1425 886 1472 aethra,
1263 1427 1312 1464 35

345 1480 450 1516 Iners
478 1479 592 1516 iacere
620 1478 749 1515 nescit.

398 1531 550 1568 Imitata
577 1531 816 1568 multiformes

345 1585 471 1622 Facies
500 1584 570 1622 sibi
597 1585 678 1631 ipsa
706 1584 829 1631 fingit,

346 1640 414 1675 Per
442 1649 533 1685 quas
560 1638 705 1684 repente
733 1648 882 1675 currens

343 1691 458 1728 Tenui
485 1690 628 1728 fruatur
655 1691 753 1728 actu.
1262 1691 1313 1729 49

397 1744 465 1781 Sed
494 1755 601 1781 sensa
629 1743 877 1781 somniantum

344 1796 478 1844 Dispar
505 1796 642 1844 fatigat
668 1796 814 1834 horror:

249 1889 293 1928 (1)
318 1889 487 1925 Obliviale‚
520 1889 719 1925 obliviosum,
753 1890 833 1926 quod
861 1889 1064 1919 obblivionem
1095 1890 1224 1920 inducit.
1255 1890 1312 1920 Est

184 1931 333 1961 Graecum
346 1930 552 1975 ἐπιλήσμων,
570 1931 648 1967 quod
660 1931 851 1960 LEoPAamvs
863 1931 974 1968 (Nelle
989 1941 1084 1960 nozze
1096 1932 1181 1961 della
1193 1933 1310 1961 sorella

185 1978 338 2013 Paulina,
356 1979 426 2016 100)
450 1978 554 2008 italice
575 1978 728 2008 convertit
749 1978 928 2008 obblivioso.
951 1994 994 2000 —
1008 1978 1044 2008 V.
1062 1978 1142 2008 Hon.
1159 1979 1309 2017 Lyricor.

185 2019 228 2049 Π·
250 2020 294 2099 (ii-³³)
307 2019 413 2099 2vldyat
434 2060 544 2099 optimi
568 2059 655 2091 codd.
679 2060 800 2091 Vatiae.
825 2060 1013 2097 Quibusdam
1034 2059 1136 2100 placet
1159 2070 1268 2101 vagas.
