1502 2537
453 159 736 187 cArnsnrsmNon
765 159 914 187 HYMNVS
942 159 996 187 vn
1248 150 1298 187 39

279 275 408 314 Victus
434 275 618 323 precantis
646 274 745 313 solus
772 273 811 312 in
829 274 990 312 lacrimis
1009 273 1096 311 fuit:

225 329 323 367 Nam
352 328 471 366 flendo
497 339 647 376 pernox,
677 327 878 375 inrigatum
904 327 1087 375 pulverem

227 381 341 419 Humi
369 382 550 419 madentis
578 392 636 419 ore
664 381 796 428 pressit
822 391 954 418 cernuo
970 410 978 426 ‚

226 436 348 473 Donec
374 434 557 482 loquentis
584 445 668 472 voce
696 433 932 481 praestrictus
960 432 1029 470 Dei
1063 433 1121 480 (1)

225 488 384 535 Expavit
410 488 533 535 ignem
560 498 633 524 non
661 487 848 524 ferendum
875 486 1030 524 visibus.
1248 487 1296 523 45

278 559 435 596 Ioannes
463 558 573 596 huius
601 557 690 596 artis
718 557 817 595 haud
844 556 966 595 minus
993 558 1136 604 potens,

226 612 293 650 Dei
320 611 489 659 perennis
515 611 763 658 praecucurrit
789 610 937 655 Filium,

225 666 363 703 Curvos
389 664 531 702 viarum
559 664 622 712 qui
648 664 795 702 retorsit
820 663 1000 710 tramites,

225 718 287 764 Et,
317 718 478 755 flexuosa
504 717 689 765 corrigens
717 717 922 764 dispendia,

225 771 335 808 Dedit
361 770 581 818 sequendam
610 769 701 808 calle
730 771 826 808 recto
853 770 1002 807 lineam.
1248 769 1295 805 530

277 842 385 880 Hanc
411 840 641 889 obsequelam
670 841 726 888 (2)
755 840 997 888 praeparabat
1024 839 1191 885 nuntius,

224 896 310 935 Mox
336 895 506 932 adfuturo
533 895 748 932 construens
775 894 844 932 iter
871 894 972 939 Deo3

223 949 368 987 Clivosa
393 947 530 996 planis,
561 947 779 995 confragosa
805 949 848 985 ut
873 947 1018 985 lenibus

223 1002 537 1046 Converteren‘mr,
569 1012 658 1038 neve
685 1000 885 1048 quidquam
913 1000 1056 1038 devium

222 1055 376 1102 Inlapsa
400 1053 508 1092 terris
534 1053 715 1091 inveniret
739 1053 899 1092 Veritas.
1246 1053 1294 1089 55

275 1127 361 1164 Non
387 1125 536 1163 usitatis
563 1125 663 1162 ortus
690 1124 751 1162 hic
778 1124 979 1170 natalibus,

223 1180 347 1218 Oblita
372 1178 480 1216 lactis
508 1178 581 1215 iam
608 1178 704 1215 vieto
732 1177 771 1214 in
798 1179 939 1225 pectore

222 1232 355 1270 Matris
379 1231 536 1270 tetendit
561 1242 663 1269 serus
690 1230 815 1268 infans
841 1231 974 1275 ubera;

223 1286 302 1324 Nec
328 1286 414 1323 ante
440 1285 548 1332 partu
575 1284 618 1322 de
647 1284 755 1322 senili
781 1284 917 1332 effusus
945 1285 1014 1329 est,

222 1340 339 1385 Quam
366 1338 591 1386 praedicaret
617 1336 808 1385 Virginem
835 1337 983 1385 plenam
1013 1337 1101 1373 Deo.
1246 1336 1295 1373 60

276 1410 367 1448 Post
393 1409 431 1446 in
458 1410 624 1456 patentes
650 1408 712 1446 ille
740 1408 969 1454 solitudines,

223 1463 391 1502 Amictus
418 1462 526 1500 hirtis
552 1461 751 1499 bestiarum
776 1461 947 1508 pellibus,

223 1516 361 1555 Setisve
386 1517 520 1561 tectus,
549 1515 696 1562 hispida
723 1516 759 1552 et
784 1514 976 1562 lanugine,

224 1568 392 1613 Secessit,
420 1568 572 1606 horrens
599 1567 787 1615 inquinari
813 1568 849 1604 et
875 1566 989 1614 pollui

225 1621 494 1660 contaminatis
521 1621 733 1668 oppidorum
759 1620 935 1659 moribus.
1246 1620 1295 1657 65

276 1692 362 1736 Illic
388 1691 510 1729 dicata
537 1702 668 1738 parcus
695 1690 920 1729 abstinentia

225 1746 357 1784 Potum
385 1745 574 1792 cibumque
602 1744 658 1782 vir
686 1755 830 1782 severae
857 1744 1059 1781 industriae

225 1799 272 1837 ln
300 1810 413 1846 usque
442 1809 561 1836 serum
588 1797 780 1845 respuebat
806 1808 1009 1844 vesperum,

0 1723 19 1876 WB<
0 1662 12 1707 “-.“’
0 1557 15 1648 ‘'Y-533:
0 1235 23 1550 35.1W'WQ3‚‚*„
14 1219 18 1223 -
11 1190 17 1197 ,

3 1939 12 1954 ⁴
235 1957 280 1996 (1)
299 1959 524 1996 praestrictus.
541 1957 586 1987 Ex
615 1957 702 1987 codd.
725 1965 816 1986 manu
839 1956 986 1986 exaratis.
1003 1956 1037 1985 In
1053 1955 1190 1993 pluribus
1203 1955 1295 1986 editt.

3 2005 10 2031 .’
170 2000 374 2038 perstrictus.

9 2078 11 2082 .
235 2051 280 2090 (2)
302 2052 510 2091 obsequelam.
527 2051 672 2082 Plautina
687 2051 762 2082 haec
777 2060 835 2082 vox
857 2050 1057 2089 scriptoribus
1071 2050 1232 2081 Prudentii
1248 2058 1295 2080 ue-

0 2095 11 2112 ‘·
171 2093 312 2131 qualibus
333 2093 396 2124 fuit
417 2094 548 2124 usitata.

0 2150 14 2171 J

0 2422 18 2468 ἒ
