1502 2537
363 143 471 178 ΠΕΡΙ
499 143 754 179 ΣἸῈΦΑΝΩΝ
788 151 938 178 nmxvs
965 152 987 178 x
1162 140 1238 178 199

277 263 348 301 Hic
376 275 413 302 se
440 263 635 302 videndum
663 263 845 312 praestitit
871 263 1107 301 mortalibus:

223 316 376 354 Mortale
403 328 532 365 corpus
560 317 717 364 sumpsit
743 317 1014 361 immortalitas,

224 369 286 415 Ut,
317 369 402 407 dum
430 371 605 408 caducum
634 370 693 418 (1)
722 372 843 418 portat
871 372 1040 407 aeternus
1071 370 1181 413 Deus,

221 422 392 460 Transire
419 425 583 460 nostrum
612 424 733 471 posset
758 423 805 460 ad
832 422 1024 459 caelestia:

223 475 342 513 Homo
369 478 425 513 est
452 478 646 523 peremtus,
677 477 713 513 et
745 475 938 513 resurrexit
966 476 1076 512 Deus.
1162 476 1236 511 (305.

275 540 479 587 Congressa
506 552 601 578 mors
629 542 685 578 est
711 540 870 577 membra
897 539 1058 586 gestanti
1086 539 1181 576 Deo:

223 593 318 630 Dum
346 596 472 631 nostra
498 595 655 640 temptat
683 592 758 642 (2),
789 592 900 630 cessit
927 592 1206 629 immortalibus.

221 645 380 684 Stultum
408 647 548 693 putatis
575 646 657 691 hoc,
688 646 871 693 sophistae
900 645 1058 689 saeculi3

222 698 291 735 Sed
318 698 432 736 stulta
459 699 587 736 mundi
614 710 776 736 summus
803 697 914 745 elegit
943 699 1064 743 Pater,

222 751 272 788 Ut
298 751 434 789 stultus
460 754 555 790 esset
581 751 732 797 saeculi,
761 751 920 798 prudens
948 750 1028 788 Dei.
1162 750 1237 787 (310

273 815 543 863 Antiquitatem
571 815 730 861 Romuli,
760 818 796 853 et
824 814 1040 852 Mavoitiam

221 868 362 916 Lupam
389 880 557 906 renarras
577 868 652 916 (3),
673 869 829 916 primum
848 869 885 904 et
911 878 1015 904 omen
1036 867 1234 904 vulturum.

221 921 259 959 Si
286 932 343 959 res
370 921 533 959 novellas
560 922 716 968 respuis,
747 921 800 958 ull
827 922 904 957 tam
932 931 1076 957 recens:

222 974 293 1012 vix
319 974 418 1011 mille
444 973 552 1012 fastis
579 974 706 1022 implet
732 974 828 1012 hanc
855 973 1053 1011 aetatulam

221 1027 357 1065 Cursus
384 1027 522 1065 dierum
549 1027 733 1065 conditore
761 1027 808 1064 ab
835 1038 987 1074 augure.
1161 1026 1236 1063 615

272 1091 448 1128 Sexcenta
474 1102 621 1139 possum
646 1102 763 1140 regna
790 1091 928 1138 pridem
958 1090 1105 1128 condita

175 1189 183 1196 .
220 1143 384 1182 Proferre
410 1145 490 1181 toto
517 1144 556 1181 in
583 1145 682 1191 orbe,
713 1145 746 1182 si
774 1144 824 1182 sit
850 1143 979 1188 otium,

220 1197 338 1234 Multo
364 1199 450 1234 ante
477 1197 589 1243 clara,
618 1209 727 1245 quam
754 1196 932 1244 capellam
960 1196 1154 1234 Gnossiam

220 1249 366 1288 Suxisse
393 1249 507 1287 fertur
533 1251 710 1298 Iuppiter,
739 1250 872 1288 Martis
898 1251 1023 1296 pamm

219 1303 289 1340 Sed
307 1302 374 1340 illa
391 1313 465 1340 non
485 1305 585 1349 sunt,
607 1304 698 1342 haec
717 1305 754 1341 et
771 1303 858 1341 olim
877 1313 950 1340 non
970 1304 1089 1340 erunt.
1161 1302 1237 1339 620

273 1367 368 1406 Crux
395 1367 467 1405 ista
494 1367 644 1415 Christi,
675 1379 785 1417 quam
812 1367 993 1406 novellam
1021 1367 1157 1412 dicitis,

219 1421 404 1459 Nascente
431 1421 581 1468 mundo,
611 1421 732 1460 factus
759 1422 802 1459 ut
828 1420 986 1469 primum
1014 1422 1070 1457 est
1097 1420 1218 1466 homo,

177 1581 226 1622 (1)
253 1583 304 1618 Ut,
326 1583 404 1612 dum
426 1583 597 1619 caducum,
619 1584 679 1614 ete.
704 1583 751 1612 Ad
783 1591 846 1612 rem
875 1582 906 1613 S.
932 1582 1068 1612 Avovsr.
1097 1582 1145 1612 De
1167 1582 1236 1612 Civ.

116 1625 189 1659 Dei,
211 1623 298 1659 XXI,
323 1625 378 1654 15:
403 1634 422 1652 «
442 1624 558 1654 Unicus
579 1625 660 1654 enim
686 1626 799 1654 nal-ura
820 1624 875 1654 Dei
898 1623 994 1653 Filius
1010 1646 1017 1658 ,
1042 1629 1162 1661 propter
1185 1632 1238 1652 nos

116 1665 326 1696 misericordia
346 1665 446 1695 sactus
475 1668 523 1695 est
552 1665 633 1695 filius
666 1666 810 1700 hominiS,
827 1667 862 1694 ut
883 1673 948 1701 nos,
971 1668 1083 1693 natm-a
1105 1664 1162 1694 filii
1187 1665 1236 1694 lio-

117 1707 222 1743 minis,
242 1706 298 1736 filii
321 1707 374 1736 Dei
398 1715 450 1744 per
472 1707 557 1736 illum
579 1707 682 1744 gratia
702 1707 852 1737 fieremus.
879 1717 895 1734 »
912 1723 950 1727 —
966 1706 1135 1741 caducum,
1160 1714 1236 1736 mor-

116 1748 209 1778 talem
232 1748 395 1778 hominem.

176 1807 220 1846 (2)
241 1807 331 1837 Dum
352 1809 463 1836 nostra
483 1809 615 1844 temptat
629 1804 709 1852 ἀρχ.
726 1823 768 1829 -
780 1806 882 1837 Gisst..
897 1807 930 1836 et
945 1805 1034 1835 multi
1051 1805 1106 1835 alii
1122 1806 1235 1835 tentat.

74 1882 77 1885 ,
115 1854 196 1884 Mors
211 1854 366 1884 Christum
378 1854 555 1891 despicatui·
565 1862 656 1884 carne
666 1854 772 1883 nostra
786 1853 940 1888 indutum,
953 1855 1046 1889 atque
1067 1854 1102 1882 ut
1122 1854 1238 1882 eeteros

116 1895 260 1966 mortales
273 1895 466 1966 mllgri'editun
489 1895 542 1924 sed
563 1896 666 1925 tamen
688 1895 810 1925 divinae
825 1895 890 1924 eius
913 1894 1024 1924 virtuti
1046 1893 1236 1932 postmodum

115 1945 205 1967 conce
227 1945 276 1966 ere
296 1946 332 1966 (e
356 1937 414 1967 uit.

179 1995 226 2035 (3)
248 1996 389 2034 Lupum,
413 2003 490 2032 quae
510 1994 638 2025 Romulo
669 1994 717 2024 lae
748 1993 935 2031 suggendum
967 1992 1064 2025 dedit.
1087 2009 1126 2015 —
1147 2002 1237 2022 omen

115 2037 298 2067 vulturum.
327 2038 360 2069 V.
384 2037 452 2069 L1v.
493 2059 502 2073 ‚
525 2037 554 2067 7.
579 2052 618 2058 -
641 2036 808 2075 Capellam
841 2035 1034 2073 Gnossiam,
1058 2043 1135 2073 quae
1156 2035 1237 2065 Iovis

115 2079 224 2109 nutrix
244 2078 307 2108 fuit
327 2078 359 2108 in
380 2078 508 2109 Gnossia
530 2077 642 2109 insula.
