1502 2610
379 203 718 236 connenmniotvu
747 204 784 235 v.
816 205 1065 236 LANFRANCIHI
1192 208 1291 237 xxvn

169 332 380 376 Prudentii
412 336 560 389 optime
591 335 851 389 descriptum,
885 335 922 376 in
956 335 1206 378 bibliothecis
1228 350 1292 379 ae-

167 404 281 447 dium
313 418 532 454 sacrarum,
566 419 666 460 quae
707 406 770 448 sui
811 406 910 448 iuris
948 409 1089 456 essent,
1129 409 1289 461 propt-»ni

166 475 218 518 ad
247 476 462 531 legendum
492 477 623 527 iussit,
655 477 717 519 uti
747 477 975 519 Fridericus
1005 477 1229 520 Ozananms
1252 479 1289 520 in

166 546 329 589 Acroasi
360 559 465 589 xvm
495 547 542 589 de
574 548 678 601 poesi
723 547 854 602 quinti
885 547 1033 590 saeculi
1073 547 1287 590 Christiani

164 617 452 660 animadvertit
483 618 560 670 (1).
586 619 729 660 Postea
751 631 842 660 vero
864 631 984 673 quam
1008 619 1166 660 litterae
1188 621 1289 674 poli-

165 687 284 730 tiores
300 688 349 730 ab
371 688 538 730 interitu
555 691 762 731 revocatae
778 691 884 739 sunt,
903 690 1109 744 omnisque
1127 691 1289 745 elegan-

164 758 313 801 tiorum
345 759 650 814 disciplinarum
681 761 816 802 cultus
848 761 1023 815 undique
1054 763 1210 803 saeculo
1232 776 1287 805 xv

163 829 355 881 refloruit,
386 831 605 873 Prudentio
635 844 732 873 suus
763 831 973 885 dignitatis
1003 832 1113 874 locus
1145 835 1205 875 est
1225 847 1288 876 as-

162 900 369 955 signatus;
402 905 523 957 atque
556 915 633 944 uua
664 915 757 944 cum
788 902 1060 953 classicorum,
1093 917 1190 957 quos
1221 917 1287 946 vo-

162 984 314 1022 camus,
346 972 616 1014 voluminibus
637 972 777 1026 hymni
799 973 840 1013 et
861 972 1060 1025 poematia
1089 973 1285 1015 didactiea

163 1043 320 1098 hispani
349 1043 522 1086 auctoris
545 1043 772 1085 memoriter
793 1043 832 1084 in
862 1043 1007 1085 scholis
1036 1044 1284 1088 tenebantur.

220 1116 278 1158 At
307 1117 442 1156 tamen
473 1114 582 1156 brevi
614 1114 654 1155 in
684 1113 929 1155 calumniam
961 1114 1102 1156 incidit
1134 1117 1285 1159 noster:

161 1186 309 1241 quique
330 1186 433 1228 inter
448 1185 664 1227 docendum
687 1184 870 1226 Tullium
887 1185 1022 1226 orandi
1039 1187 1182 1237 artem,
1201 1188 1285 1228 Ho—

161 1253 311 1300 ratium
343 1257 586 1312 magistrum
617 1256 657 1298 in
691 1256 868 1299 versibus
899 1256 1086 1299 faciendis
1108 1259 1284 1311 quotidie

160 1328 427 1378 inculcabant,
459 1328 500 1369 in
539 1327 703 1381 hispano
749 1329 865 1381 poeta
905 1340 1047 1369 naevos
1087 1329 1284 1382 genitivos

160 1401 429 1455 reppererunt,
460 1411 480 1440 e
503 1398 649 1453 quibus
670 1398 854 1452 equidem
875 1398 1182 1450 deformitatem,
1208 1413 1281 1441 non

159 1472 411 1514 venustatem
442 1469 622 1524 aliquam
652 1468 737 1511 eius
767 1481 884 1523 opera
904 1469 1105 1522 concipere
1125 1472 1283 1512 conten—

159 1543 310 1585 derent.
327 1542 383 1583 Et
397 1540 526 1583 critici
547 1540 726 1594 primum
747 1539 967 1582 nasutiores
984 1540 1031 1581 dc
1054 1540 1283 1595 incorrupta

158 1613 362 1656 latinitate
390 1612 568 1661 solliciti,
599 1612 773 1666 quinque
804 1613 845 1653 et
875 1611 1131 1665 septuaginta
1171 1625 1283 1653 voees

156 1687 379 1727 transverso
398 1683 509 1725 obelo
538 1682 762 1736 signarunt,
784 1694 885 1736 quae
915 1694 1113 1735 nusquam
1136 1681 1175 1723 in
1199 1695 1282 1724 me-

158 1754 267 1797 lioris
287 1756 401 1796 notae
423 1752 682 1807 scriptoribus
713 1754 943 1802 occurrant3
977 1752 1136 1806 perinde
1167 1753 1280 1806 quasi

157 1825 275 1867 latini
289 1825 480 1868 sermonis
503 1824 730 1874 thesaurus,
748 1825 923 1878 quantus
943 1825 1117 1877 quantus
1138 1825 1212 1874 est,
1231 1823 1280 1865 ad

158 1908 226 1940 nos
241 1908 287 1938 ex
301 1895 520 1938 hereditate
538 1907 786 1936 summorum
808 1895 1047 1948 scriptorum
1064 1893 1279 1946 obvenerit,

204 2034 257 2080 (1)
284 2034 316 2070 V.
350 2034 383 2070 F.
410 2034 562 2070 Omani:
588 2034 645 2068 La
664 2033 789 2068 civilm
816 2033 874 2068 nel
906 2032 938 2067 V
975 2031 1100 2066 seenla:
1135 2032 1279 2068 versione

158 2081 292 2117 italiana
316 2082 400 2117 sulla
432 2081 642 2118 4²1'raneese
672 2080 722 2116 ‹lcl
757 2081 890 2117 Dottorc
927 2080 1117 2115 Alessantlro
1155 2080 1278 2122 r'nnffi,

156 2129 226 2177 Tip.
252 2129 430 2176 Salesiana‚
460 2130 560 2166 1892.
