1450 2537
163 153 225 179 XVI
401 151 448 178 DE
475 150 680 178 PRVDENTIO
707 150 860 184 EIVSQVE
887 150 1062 179 OPERIBVS

220 277 301 320 III.
335 277 504 319 Librum
536 277 601 319 De
638 276 815 320 Coronis
846 276 994 330 excipit
1027 275 1289 326 Ἄποθέωσις

162 364 231 391 seu
262 349 501 399 Divinitas,
533 348 707 390 carmine
739 347 894 390 heroico
915 348 1135 403 perscripta
1156 350 1292 393 contra

163 420 482 475 Patripassianos
514 422 554 462 et
586 419 845 470 Sabellianos‚
867 419 908 461 in
939 432 1016 474 quo
1046 420 1148 462 libro
1169 421 1291 463 falsas

163 492 375 547 opiniones,
395 504 621 546 erroresque
637 491 677 532 in
693 491 827 532 Deum
838 491 1017 543 Patrem,
1037 491 1200 546 eiusque
1221 492 1292 535 Fi-

163 563 281 615 lium,
314 562 469 617 generis
499 561 668 603 humani
698 561 988 616 redemptorem
1019 562 1200 616 depellit,
1222 563 1292 618 qui

163 634 245 675 iam
276 633 427 675 multos
458 632 648 674 mortales
680 645 703 673 a
740 644 931 686 germana
971 631 1291 676 Christianorum

163 704 343 746 doctrina
373 704 469 745 tunc
500 702 691 757 temporis
721 702 853 745 devios
885 704 1036 756 ageret.

221 775 296 818 IV.
328 775 377 816 In
407 774 589 816 omnibus
620 774 700 816 fere
720 774 920 816 codicibus
942 771 1202 815 Ἀποθέωσει
1222 775 1292 817 ad-

162 846 312 889 texitur
343 844 665 901 Ἃμαρτιγὲνεια,
699 859 800 900 quae
831 846 872 887 in
911 844 1064 899 peccati
1099 844 1292 900 originem

163 917 344 972 inquirit.
377 917 492 959 Hanc
523 916 736 959 Prudentii
767 916 941 971 opellam
972 915 1150 958 mediam
1189 916 1292 958 inter

164 987 424 1029 Ἀποθὲωσιν
446 1000 492 1030 ac
526 986 806 1043 Ψ·)χομαχὶαν
831 987 1052 1041 posuimus,
1074 986 1289 1029 Nicolaum

165 1058 373 1101 Heinsium
412 1058 561 1109 secuti,
604 1058 674 1112 qui
719 1057 782 1099 uti
821 1058 935 1099 notat
964 1057 1043 1100 Ios.
1077 1057 1290 1109 Theolius,

167 1143 190 1169 «
221 1129 404 1183 pluribus
434 1131 475 1171 et
505 1129 804 1183 praestantioris
835 1130 949 1171 notae
979 1128 1180 1171 codicibus
1200 1141 1292 1171 con-
1346 1134 1347 1137 ’

164 1200 296 1251 sultis,
330 1200 501 1242 aliorum
530 1199 711 1242 omnium
742 1199 782 1241 in
814 1199 960 1241 edendo
981 1199 1201 1241 Prudentio
1222 1212 1291 1242 cu-

163 1284 252 1312 ram
283 1270 620 1325 diligentiamque
651 1270 869 1324 superavit.
905 1284 927 1310 »

224 1343 274 1384 V.
306 1341 657 1397 Psychomache‘a,
690 1341 732 1383 id
763 1343 823 1384 est
853 1353 989 1395 pugna
1010 1340 1147 1394 animi,
1170 1353 1292 1396 quam

164 1425 231 1455 nos
246 1413 389 1455 Italice
404 1412 560 1467 proprie
576 1411 829 1466 interpretari
845 1424 1049 1466 possemus
1069 1411 1293 1455 Combatti-

163 1488 299 1526 ‹nzcnto
335 1483 576 1538 spirituale,
593 1483 634 1524 in
650 1482 897 1525 Giseliniana
917 1482 1152 1539 regensione,
1176 1481 1292 1524 Pari-

165 1555 233 1598 siis
255 1555 362 1597 edita
380 1567 441 1596 an.
459 1565 652 1605 M.D.LX11,
685 1553 868 1595 omnibus
894 1552 1174 1607 praemittitur
1197 1565 1294 1606 pru-

164 1625 359 1668 dentianis
389 1625 645 1668 carminibus.
677 1624 818 1678 Magni
850 1623 1037 1678 equidem
1067 1622 1293 1665 faciendum

165 1697 385 1739 didacticon
405 1696 478 1738 hoc
508 1696 746 1750 poemation,
780 1694 885 1749 quod
914 1693 1293 1749 prosopographiam

166 1768 367 1809 virtutum
398 1767 669 1821 vitiorumque
690 1765 739 1808 ob
761 1766 894 1808 oculos
914 1764 1134 1808 verissimis
1154 1763 1291 1806 colori-

165 1838 238 1880 bus
270 1838 380 1880 nobis
400 1838 551 1888 obiicit,
584 1837 686 1878 inter
717 1849 758 1879 se
789 1836 934 1878 acriter
963 1833 1292 1878 concertantium.

165 1910 353 1964 Pugnam
393 1922 533 1963 nempe
573 1910 801 1962 spectamus
837 1920 939 1959 eam,
972 1919 1095 1962 quam
1126 1905 1292 1961 quisque

165 1982 347 2023 nostrum
369 1980 409 2022 in
430 1979 541 2022 nobis
571 1979 755 2034 metipsis
787 1978 945 2034 saepius
976 1977 1292 2020 exardescentem

167 2052 407 2106 experimur,
449 2050 564 2094 cuius
595 2063 758 2093 causam
790 2052 831 2093 et
861 2048 1057 2104 originem
1102 2060 1293 2103 quaerens
