1450 2537
210 156 259 193 98
589 167 740 194 AVRELII
766 167 966 194 PRVDENTH

418 279 543 318 Vitam
568 281 712 326 tenebo,
744 282 780 318 et
807 280 968 318 differam

367 333 500 371 Poenis
527 345 709 371 morarum
737 333 900 381 iugibus,

366 386 415 424 Et
442 397 538 425 mors
565 386 827 424 inextricabilis
857 387 916 435 (1)

366 439 514 488 Longos
542 439 681 477 dolores
708 440 908 487 protrahet.
1259 443 1335 481 340

418 511 562 548 Prunas
589 512 753 558 tepentes
781 511 946 558 sternite,

365 563 441 602 Ne?
466 575 568 601 ervor
595 563 736 611 ignitus
765 563 877 602 nimis

366 618 416 655 Os
443 616 668 655 contumacis
696 618 858 664 occupet,

365 671 413 708 Et
440 670 558 708 cordis
586 670 699 708 intret
726 670 865 708 abdita.

417 741 539 788 Vapor
568 752 760 779 senescens
787 740 978 788 langueat,
1258 743 1333 781 345

365 794 434 839 Qui
461 794 566 832 fusus
594 794 733 831 adflatu
759 794 833 832 levi

364 848 558 884 Tormenta
585 847 722 885 sensim
748 848 936 895 temperet,

364 900 615 938 Semiustulati
642 900 813 949 eorporis.

416 973 514 1009 Bene
542 973 610 1018 est,
642 972 738 1019 quod
765 971 842 1019 ipse
870 984 912 1009 ex
940 972 1109 1010 omnibus

364 1025 645 1073 Mysteriarches
676 1025 734 1073 (2)
764 1025 915 1062 incidit:
1257 1027 1334 1064 353

366 1079 437 1115 Hic
466 1078 564 1115 solus
593 1079 795 1125 exemplum
824 1078 940 1124 dabit,
1255 1099 1261 1105 ·

364 1131 457 1177 Quid
487 1143 568 1169 mox
595 1130 720 1168 timere
750 1132 917 1169 debeant.

418 1202 625 1240 Conscende
653 1203 878 1239 constratum
907 1214 1058 1250 rogum3

364 1256 545 1292 Documbe
574 1255 685 1303 digno
712 1255 871 1292 lectulo:

363 1309 479 1353 Tunc,
511 1308 543 1345 si
570 1308 710 1354 libebit,
743 1308 889 1356 disputa
1257 1310 1331 1346 355

363 1361 428 1398 Nil
457 1373 533 1398 esse
562 1362 770 1399 Vulcanum
798 1373 931 1399 meum.
965 1374 987 1396 »
1017 1383 1069 1389 —-

416 1432 518 1469 Haec
546 1431 646 1469 fante
676 1431 877 1478 Praefecto,
908 1434 1028 1470 truces

363 1484 461 1522 Hinc
489 1485 572 1522 inde
598 1487 751 1523 tortores
778 1488 912 1532 parant

362 1538 399 1575 N
401 1538 512 1575 udare
539 1538 675 1575 amictu
702 1541 912 1586 martyrem,

362 1590 509 1629 Vincire
536 1592 712 1638 membra,
744 1594 780 1629 et
807 1592 966 1629 tendere.
1256 1593 1332 1631 360

266 1754 309 1791 (1)
332 1764 419 1783 mors
442 1754 691 1784 inextricabilis.
720 1755 849 1784 Mortem
878 1756 1122 1786 inextricabilem
1139 1755 1239 1791 vocat,
1257 1764 1332 1792 quae

204 1802 338 1831 animam
357 1810 373 1831 e
400 1802 532 1840 corporis
554 1801 683 1831 vinculis
715 1805 847 1838 nequeat
877 1804 1029 1840 expedire.
1052 1803 1100 1833 Ad
1134 1803 1213 1832 hunc
1243 1803 1332 1840 plane

204 1849 326 1878 modum
350 1849 381 1878 in
402 1847 496 1878 nobili
519 1848 623 1878 fabula
638 1848 794 1879 A1feriana
809 1849 879 1879 Saul
896 1850 1088 1880 Sacerdotem
1104 1849 1330 1880 Abimelechum

204 1897 296 1926 morti
320 1896 481 1926 damnavit
503 1895 551 1925 his
573 1896 691 1926 verbis:
715 1906 754 1926 or
779 1897 846 1932 via,
870 1898 900 1926 si
923 1899 1040 1935 trayya
1061 1899 1090 1926 Α
1115 1900 1213 1926 morte
1235 1900 1332 1934 tosto,-

204 1953 224 1973 a
247 1943 351 1972 cruda
373 1946 473 1972 morte
494 1952 509 1972 e
532 1943 646 1981 lmzya.
673 1943 759 1980 (Atto
781 1943 835 1980 IV,
857 1952 946 1973 scena
968 1943 1028 1981 4³).

267 2002 311 2039 (2)
333 2002 596 2039 Mysteriarches.
622 2002 685 2031 Vox
717 2011 839 2038 graeca,
863 2010 940 2038 quae
960 2002 1040 2032 idem
1072 2002 1157 2032 valet
1177 2011 1212 2032 ac
1234 2010 1331 2031 sacro-

205 2057 271 2078 rum
294 2050 396 2077 custos
419 2048 464 2078 vel
488 2049 643 2085 princeps:
669 2049 870 2078 Diaconorum
894 2050 997 2080 autem
1019 2050 1088 2079 erat
1109 2049 1227 2079 nomini
1249 2049 1330 2078 chri-

204 2097 307 2126 stiano
329 2095 533 2133 adstipulatos
555 2097 702 2135 mysteria
724 2096 859 2126 edocere.
