1450 2537
136 164 211 200 248
511 165 660 197 Avmj'm
686 163 886 195 Pavonum

533 316 745 355 HYMNVS
772 315 862 353 XIV

361 406 531 445 PASSIO
559 403 777 443 AGNETIS
805 403 988 442 VIRGIN
992 402 1036 439 IS

138 498 248 527 Locum
264 495 383 525 indicat
404 495 505 531 poeta,
522 493 573 522 ubi
589 492 704 521 Itoniae
721 492 751 520 in
767 490 924 528 sepulchro
940 491 987 519 est
1009 489 1134 519 condita
1149 488 1259 525 Agnes.

179 542 260 575 Quae
282 537 372 565 nullis
394 535 506 564 iudicis
527 534 667 571 precibus
690 533 727 562 ad
750 533 820 562 deos
842 531 979 561 colendos
1001 531 1126 565 adacta,
1149 531 1182 559 in
1205 531 1263 559 sor-

179 581 276 608 niceni
299 578 382 607 urbis
403 577 464 605 fuit
484 576 643 613 perducta,
660 582 718 610 quo
734 574 819 610 virgo
834 573 1008 603 castissima
1031 572 1147 601 foedius
1170 572 1264 600 vitia-

180 623 272 650 retur.
291 620 335 648 Ibi
353 628 371 648 a
387 618 558 655 procaciore
574 616 703 652 quodam
721 615 908 644 adolescente
925 613 1139 651 prodigialiter
1156 613 1264 642 narrat

180 662 194 690 s
195 662 272 690 uisse
283 661 462 693 libe1·atam;
481 658 601 687 tandem
615 657 769 686 carnificis
781 656 882 692 gladio
894 656 1024 685 laetanti
1039 654 1140 683 animo
1155 653 1264 683 collum

179 703 336 737 obtulisse,
352 704 384 730 οὺ
405 701 436 729 in
453 699 570 728 caelum
593 698 738 728 evolasse.
764 697 900 733 Virginis
917 697 955 725 ad
974 696 1089 726 caelum
1107 703 1264 726 ascensum

179 745 217 773 ob
238 743 339 773 oculos
362 741 493 771 feliciter
515 740 601 769 nobis
616 740 828 777 repraesentat
849 738 1045 767 Prudentius.

245 823 373 859 AGNES
402 818 460 868 (1)
491 817 697 865 sepulcrum
725 818 781 854 est
808 815 985 854 Romulea
1012 815 1052 853 in
1081 815 1186 853 domo

245 874 365 911 Fortis
393 871 550 920 puellae,
580 869 754 918 martyris
782 869 946 907 inclitae.

248 927 451 972 Conspectu
479 924 518 961 in
546 924 625 972 ipso
653 923 802 961 condita
831 923 888 970 (2)
917 921 1072 959 turrium

247 980 376 1017 Servat
402 977 559 1016 salutem
586 976 701 1024 Virgo
729 975 948 1021 Quiritium:

247 1033 283 1070 N
286 1043 325 1069 ec
352 1041 427 1069 non
454 1031 490 1068 et
517 1030 616 1077 ipsos
643 1029 804 1077 protegit
831 1028 1009 1075 advenas,
1243 1026 1266 1063 5

248 1087 344 1123 Puro
373 1095 416 1122 ao
444 1083 543 1121 fideli
571 1085 714 1130 pectore
743 1081 940 1128 supplices.

248 1137 392 1184 Duplex
418 1147 551 1174 corona
578 1137 634 1173 est
660 1135 839 1182 praestita
866 1133 1034 1181 martyri:

248 1192 436 1229 Intactum
464 1189 511 1226 ab
538 1189 638 1227 omni
665 1187 815 1225 crimine
842 1187 1005 1235 virginal
1022 1184 1110 1235 Ι(3),
1135 1214 1138 1218 .

248 1243 379 1281 Mortis
407 1242 536 1279 deinde
564 1241 683 1289 gloria
709 1241 862 1279 liberae.

249 1297 368 1334 Aiunt
393 1295 514 1343 iugali
539 1295 600 1332 vix
626 1294 788 1332 habilem
814 1295 908 1339 toro,
1223 1289 1273 1329 10

249 1349 384 1387 Primis
410 1349 450 1386 in
477 1347 588 1385 annis
616 1348 674 1396 (4)
702 1347 794 1385 forte
822 1345 1022 1393 puellulam

251 1402 396 1440 Christo
422 1401 617 1447 calentem,
648 1400 790 1438 fortiter
817 1399 939 1447 impiis

249 1455 368 1493 Iussis
395 1454 571 1500 renisam,
602 1465 673 1502 quo
700 1454 823 1491 minus
851 1452 962 1489 idolis
1013 1461 1015 1464 ·

251 1508 424 1554 Admota,
455 1518 598 1545 sacram
625 1507 804 1544 desereret
830 1506 952 1543 fidem.

210 1596 257 1634 (l)
281 1596 388 1634 Ayne‘s
402 1595 598 1633 sepulcrum.
615 1595 667 1624 Ita
681 1594 767 1624 codd.
784 1594 1025 1631 praestantiores
1046 1592 1221 1628 Heinsiani‚
1243 1593 1277 1622 et

149 1647 222 1674 quos
244 1637 282 1666 ad
299 1646 405 1666 manus
420 1637 531 1666 habuit
544 1636 699 1671 Theolius,
716 1636 886 1673 parmensis
902 1635 1013 1664 editor.
1031 1634 1148 1664 Graeca
1162 1634 1276 1671 positio

147 1681 254 1717 Αφιέε
275 1680 334 1714 est,
357 1687 411 1716 pro
433 1679 534 1707 latine.
555 1678 712 1716 Aqnetzfs;
732 1677 848 1706 etenim
871 1677 910 1706 ab
933 1675 1048 1721 (Αγνή
1076 1675 1188 1714 (casta)
1211 1677 1275 1711 est,

150 1734 227 1761 quae
249 1733 308 1754 vox
329 1725 361 1754 in
383 1725 481 1760 genit.
506 1724 585 1754 facit
607 1723 728 1768 ἁγνῆς.

213 1771 258 1810 (2)
281 1771 432 1806 Condita,
455 1771 523 1800 scil.
547 1771 695 1808 sepulcro.

213 1813 257 1851 (3)
282 1813 445 1850 Vir-final,
457 1813 534 1847 αῐῖε,
551 1815 583 1842 et
597 1811 770 1849 viryinaZe,
787 1811 827 1846 is,
844 1811 893 1842 ad.
911 1819 942 1842 n.
955 1811 1050 1841 absol.
1067 1810 1129 1841 fuit
1143 1820 1202 1841 vox
1215 1811 1278 1849 pri-

151 1854 245 1884 mitus
262 1856 407 1890 usurpata
427 1854 548 1891 proprie
571 1862 590 1883 a
610 1853 749 1882 Phaedro
771 1853 802 1881 in
819 1853 949 1889 quadam
971 1853 1007 1883 L.
1022 1852 1065 1882 1v
1087 1852 1202 1882 rabula.
1225 1852 1279 1882 Se-

151 1896 251 1932 quiori
276 1896 378 1924 aetate
403 1896 536 1924 occurrit
546 1895 632 1924 nobsss
655 1897 685 1923 in
711 1894 846 1923 APVLmo
871 1894 1009 1931 (Apol.);
1033 1893 1146 1924 §buno
1179 1893 1278 1931 (Poly-

150 1936 277 1965 historis
292 1936 317 1971 Ι,
341 1935 415 1974 67);
434 1935 465 1967 S.
490 1936 670 1965 Avcvsrmo
695 1934 755 1972 (De
779 1935 876 1966 civit.
900 1935 963 1964 Dei
984 1934 1056 1974 XX,
1080 1935 1112 1974 8)
1135 1934 1277 1971 aliisquo.

152 1978 209 2006 Hic
226 1977 264 2046 afd
285 1977 505 2013 designandam
514 1977 631 2014 pue'lae
639 1977 818 2006 castitatem
827 1976 859 2005 et
870 1976 1054 2013 virginalem
1063 1977 1279 2013 integritatem

152 2024 237 2047 trans·
252 2020 347 2047 crtur.

218 2060 260 2095 (4)
278 2060 400 2097 primis
422 2060 457 2087 in
486 2060 596 2090 minis,
630 2059 794 2088 Duodecim
828 2059 884 2087 aut
916 2058 1065 2088 tredecim
1097 2066 1191 2088 annos
1211 2060 1281 2088 crat

154 2103 229 2130 nata
251 2101 363 2136 Agnes,
387 2101 433 2129 uti
456 2102 586 2130 narrant
607 2102 638 2132 S.
663 2100 840 2130 Ambrosius
863 2101 895 2130 et
916 2099 947 2131 S.
972 2099 1174 2137 Augustinus-
