1450 2537
203 144 276 182 144
581 152 732 181 AVRELII
758 151 956 179 PRVDENTII

515 268 595 305 Iam
624 278 723 303 nunc
753 267 789 302 et
816 276 900 303 ossa
927 265 1147 313 exstinxero,

463 322 519 358 Ne
549 321 596 357 sit
625 319 830 365 sepulcrum
858 317 1012 364 funeris,
1248 321 1324 359 390

463 374 564 418 Quod
594 373 694 418 plebs
722 371 884 419 gregalis
913 370 1067 416 excolat,
1092 371 1151 420 (1)

463 426 695 471 Titulumqne
724 425 844 472 fingat
870 424 1056 472 martyris.
1089 437 1110 459 »
1142 444 1192 453 ᾗ

517 485 574 521 Sic
602 483 752 528 frendit,
783 485 819 521 et
846 494 976 530 corpus
1005 494 1149 521 sacrum

464 538 646 575 Profanus
677 536 752 584 (ah
781 536 900 574 dirum
928 535 1086 586 nefasl)

464 591 625 635 Nudum,
655 591 789 637 negato
816 589 994 637 tegmine,
1247 591 1323 628 395

463 643 624 690 Exponit
651 643 746 680 inter
773 642 924 680 carices.

517 702 587 739 Sed
615 701 718 739 nulla
746 701 907 739 dirarum
936 700 1051 739 fames

464 757 541 793 Aut
568 755 767 792 bestiarum
795 756 861 792 aut
889 755 1019 792 alitum

465 809 588 846 Audet
614 809 805 855 tropaeum
833 807 970 855 gloriae

467 862 627 899 Foedere
654 863 756 899 tactu
785 861 968 908 squalido.
1250 863 1326 900 400

518 920 629 966 Quin,
655 920 692 958 *si
720 932 792 967 qua
820 920 996 968 clangens
1024 920 1186 968 improbe

466 973 753 1012 Circumvolarat
780 973 936 1019 eminus,

465 1027 593 1064 Trucis
621 1026 780 1064 volucris
808 1026 946 1073 impetu
985 1026 1043 1074 (2)

465 1079 629 1127 Depulsa
656 1080 820 1117 vertebat
849 1079 991 1127 fugam.

520 1139 619 1176 Nam
646 1149 790 1184 corvus,
822 1138 951 1175 Heliae
981 1138 1090 1176 datus
1251 1140 1327 1177 405

467 1192 565 1230 Olim
592 1192 753 1229 ciborum
780 1191 947 1238 portitor,
981 1191 1040 1240 (3)

468 1246 548 1283 Hoc
575 1256 708 1282 munus
736 1244 863 1291 implet
891 1244 1031 1290 sedulo,

468 1299 517 1336 Et
543 1298 743 1335 inremotus
771 1297 939 1334 excubat.

523 1357 595 1394 Hic
622 1368 665 1393 ex
691 1355 836 1393 frutetis
863 1355 1038 1403 proximis

470 1410 635 1448 Infestus
663 1409 804 1446 alarum
833 1419 936 1454 sono,
1251 1409 1329 1447 410

471 1463 675 1510 Oculosque
702 1461 834 1509 pennis
863 1462 1061 1499 verberans

469 1516 602 1564 Exegit
629 1515 825 1552 immanem
852 1514 992 1562 lupum.

525 1575 613 1622 Quis
641 1575 862 1622 perfidorum
888 1574 1031 1611 credere

471 1629 595 1674 Ausit,
626 1639 794 1675 rapacem
822 1626 998 1673 belluam,

471 1682 600 1721 Tauris
628 1681 797 1728 paratam
824 1680 1014 1728 congredi,
1255 1679 1332 1718 415

474 1735 633 1774 Cessisse
660 1733 795 1782 plumis
822 1733 1021 1771 mollibus?

270 1862 316 1899 (1)
337 1861 491 1899 armans,
515 1858 648 1889 eiusdem
671 1857 788 1894 gregis3
813 1856 849 1886 de
880 1856 965 1895 plebe
997 1856 1166 1887 Christiani
1187 1856 1333 1887 nominis.

273 1909 317 1946 (2)
341 1908 444 1937 trucis
475 1907 627 1940 volucris,
661 1904 805 1934 videlicet
836 1903 931 1940 corvi,
961 1903 1044 1933 1111113
1075 1903 1253 1940 persimilis,
1281 1903 1333 1940 qui

211 1950 315 1980 thae
337 1950 427 1978 datus
448 1949 503 1978 est.
527 1948 563 1977 V.
588 1948 663 1984 Ray.
686 1947 720 1976 L.
743 1946 799 1976 ΠΙ.
1112 1975 1119 1983 ,

274 1998 317 2033 (23)
336 1998 488 2034 portitor.
511 1995 568 2033 Qui
589 1994 757 2032 portorium
782 1993 881 2028 exigit
896 2001 914 2021 a
940 1991 1110 2021 viatoribus
1124 1999 1178 2029 pro
1199 1992 1335 2022 transitu

212 2039 356 2067 moreium
379 2039 433 2066 aut
454 2037 609 2066 hominum
631 2044 669 2065 ex
691 2043 749 2065 uno
771 2035 802 2064 in
826 2034 920 2063 alium
941 2033 1056 2063 locum:
1080 2034 1128 2062 est
1148 2033 1246 2063 etiam
1266 2042 1333 2072 por-

212 2081 299 2110 titor.
325 2079 371 2108 uti
394 2079 426 2108 in
449 2079 503 2108 hoc
523 2078 600 2115 loco,
624 2077 677 2114 qui
699 2077 815 2115 portat,
839 2074 972 2106 baiulus.
993 2073 1127 2111 gerulus.

1441 1676 1450 1795 „pan—*⁴
