1502 2537
272 0 444 31 ,πῃ-,η
461 0 471 15 ,
500 0 541 8 --
776 0 783 6 .
809 0 924 19 «φη,
960 0 979 8 -

361 159 467 194 ΠΕΡΙ
497 158 752 194 ΣῚῈΦΑΝΩΝ
785 166 934 193 liYMst
964 167 983 192 x
1158 157 1232 193 205

267 279 360 324 Scis,
391 291 496 327 saepe
525 278 615 325 dixi,
647 290 756 327 quum
786 279 927 317 docenti
957 280 1161 326 adluderes,

214 334 261 371 Et
288 333 515 379 garrulorum
547 333 605 380 (1)
636 333 746 380 signa
774 333 960 370 verbormn
990 333 1110 378 dares,

216 387 322 423 Isaac
350 385 462 423 fuisse
488 386 683 432 parvulum
711 386 807 433 patri
836 386 998 429 unicum,

214 439 298 484 Qui,
320 450 431 486 quum
452 439 695 476 immolandus
714 450 815 475 aram
835 442 871 476 et
889 451 1010 476 ensem
1031 441 1205 481 cerneret,

217 491 320 529 Ultro
348 492 509 529 sacranti
539 491 598 539 (2)
628 492 722 529 cella
751 492 956 538 praebuerit
983 492 1089 529 seni?
1160 493 1233 529 7:30

267 544 425 582 Narravi
454 546 490 582 et
518 544 608 581 illud
639 544 697 593 (3)
728 544 847 582 nobile
877 556 919 581 ae
948 544 1180 582 111e1n‹··rabile

215 598 422 643 Certamen,
453 609 527 634 una
555 599 669 634 matre
698 597 793 644 quod
822 599 959 644 septem
987 598 1077 635 editi

215 652 365 688 Gessere
393 651 508 698 pueri,
539 651 601 687 sed
629 654 751 688 tamen
780 650 887 688 factis
916 651 1006 688 viri:
1066 659 1069 662 ·

216 704 397 740 Hortante
425 704 548 741 eadem
579 705 691 741 matre
720 704 757 740 in
786 703 940 751 ancipiti
968 704 1067 741 exitu

215 757 358 794 Poenae
377 759 413 794 et
431 767 581 794 coronae
601 756 775 803 sanguini
794 759 835 793 ut
855 768 899 794 ne
919 758 1120 804 parcerent.
1158 758 1232 794 755

268 809 425 847 Videbat
450 809 547 856 ipsos
575 809 774 856 adparatus
799 808 969 847 funerum

214 863 393 900 Praesens
421 873 582 908 suorum,
613 873 679 899 nec
707 863 918 900 movebatur
946 874 1094 910 parens,

215 916 368 953 Laetata
395 915 536 962 quoties
563 917 627 952 aut
654 914 750 952 olivo
777 915 933 952 stridula

211 970 367 1016 Sartago
396 967 454 1016 (4)
484 967 615 1005 frixum
644 967 835 1005 torruisset
861 968 1044 1015 puberem,

214 1022 304 1059 Dira
331 1022 396 1058 aut
422 1023 607 1068 crepasset
633 1021 854 1058 laminarum
883 1021 1086 1068 impressio.
1158 1021 1233 1059 760

187 1079 191 1084 '
266 1075 413 1112 Comam
441 1076 629 1121 cutemque
657 1073 803 1111 verticis
830 1074 1031 1111 revulserat

212 1128 246 1165 A
274 1127 391 1165 fronte
419 1128 548 1172 tortor,
579 1126 679 1164 nuda
706 1128 801 1164 testa
827 1128 870 1164 ut
895 1128 1057 1175 tegmine

181 1195 188 1201 ·
213 1180 394 1218 Cer-vicem
422 1180 584 1227 adusque
613 1180 868 1217 dehonestaret
895 1182 1017 1227 caput.

212 1233 405 1271 Clamabat
432 1233 518 1270 illa:
549 1234 694 1280 patere!
727 1233 882 1280 gemmis
910 1233 1039 1271 vestiet

210 1285 363 1333 Apieem
391 1286 488 1323 hunc
515 1296 648 1324 corona
674 1286 776 1333 regio
802 1298 845 1324 ex
872 1286 1090 1324 diademate.
1156 1287 1229 1324 765

263 1339 446 1387 Linguam
473 1340 654 1387 tyrannus
682 1339 864 1386 amputari
892 1340 1049 1376 iusserat

212 1391 286 1429 Uni
313 1403 356 1429 ex
383 1392 546 1439 ephebis.
578 1392 695 1429 Mater
723 1392 864 1429 aiebat:
896 1393 993 1430 Satis

211 1445 292 1482 Iam
321 1447 426 1492 parta
454 1445 558 1482 nobis
587 1444 704 1492 gloria
731 1446 808 1482 est:
839 1456 924 1492 pars
952 1445 1090 1492 optima

211 1498 287 1535 Deo
315 1497 523 1535 immolatur
550 1509 630 1535 ecce
664 1498 780 1535 nostri
807 1497 989 1545 corporis;

212 1550 335 1598 Digna
362 1552 419 1588 est
446 1550 564 1588 fidelis
592 1551 722 1598 lingua
750 1562 841 1599 quae
870 1551 919 1588 sit
946 1551 1081 1588 hostia.
1155 1552 1229 1589 770

167 1672 211 1709 (1)
233 1674 262 1701 et
280 1672 507 1710 qat-rulorum.
525 1671 603 1702 Aves
618 1673 690 1702 sunt
703 1672 855 1709 garrulae,
873 1674 905 1702 et
920 1673 1052 1703 canendo
1074 1675 1227 1711 strepunt.

103 1712 296 1742 Transfertur
320 1722 377 1743 vox
399 1713 437 1742 ad
461 1713 598 1742 homines
620 1714 652 1743 in
675 1714 766 1743 verba
791 1714 952 1751 proiectos,
969 1723 1057 1750 quos,
1085 1715 1229 1745 Gellianis

106 1754 205 1784 verbis
221 1755 279 1790 usi,
296 1763 447 1792 possemus
463 1755 634 1791 loquat-ulos
648 1758 680 1785 et
694 1755 871 1785 locutuleios
892 1755 1003 1785 dicere.
1021 1756 1077 1786 Sed
1093 1758 1125 1786 ot
1141 1758 1226 1794 pueri

103 1796 222 1832 garrire
254 1798 486 1832 consueverunt,
510 1804 601 1832 quum
623 1804 659 1826 ea
674 1819 682 1832 ‚
706 1805 783 1832 quae
815 1797 1015 1834 audiverunt,
1049 1798 1228 1828 indistinete

104 1836 272 1875 proferunt.

167 1878 211 1915 (2)
233 1879 390 1912 sacranti,
413 1877 612 1909 sacrificanti.
635 1877 671 1907 V.
695 1879 729 1908 et
749 1879 822 1909 912.

167 1919 212 1955 (3)
228 1920 374 1949 Nam-avi
384 1922 413 1947 et
434 1919 532 1954 illud,
557 1922 617 1950 etc.
643 1919 678 1950 V.
702 1920 744 1955 ΙΙ,
767 1920 908 1949 Maccab.
933 1920 999 1950 VII.

166 1961 211 1998 (4)
233 1963 365 1998 sar-tayo
378 1961 521 1998 frixum,
536 1962 596 1990 etc.
614 1961 721 1990 Mortis
736 1970 841 1997 genus,
859 1970 916 1997 quo
932 1963 1046 1999 primus
1061 1970 1098 1992 ex
1112 1964 1227 2000 septem

105 2001 264 2031 Maechab.
288 2002 391 2038 periit.
411 2017 449 2022 —
471 2002 846 2040 crepasset(?)cr0pitun1
871 2003 1026 2033 edidisset.
1052 2003 1156 2034 Lectio
1181 2011 1228 2034 est.

103 2042 215 2074 nexus.
237 2045 270 2072 et
292 2043 445 2072 Rvmmrr.
468 2052 505 2072 ex
528 2043 613 2074 codd.
640 2043 756 2074 Vaticc.
781 2043 913 2079 duobus;
943 2045 1051 2082 ceteri,
1081 2046 1113 2075 et
1134 2045 1225 2075 editt.

105 2087 272 2114 cremasset
