1450 2537
181 161 230 199 40
400 195 403 198 .
559 169 708 197 Avssam
734 168 932 195 PRVDENTH

234 284 369 321 Rarum
400 283 456 330 (1)
485 282 635 320 locustis
665 282 721 329 (2)
752 283 787 319 et
815 281 978 318 favorum
1008 280 1207 328 agrestium

235 337 386 383 Liquere
414 338 559 383 pastum
587 335 725 382 corpori
754 335 877 372 suetus
907 334 1004 371 dare.
1254 334 1302 371 70

286 401 459 437 Hortator
487 400 546 436 ille
575 399 727 446 primus,
759 400 794 435 et
821 398 945 435 doctor
972 409 1087 435 novae

237 453 316 489 Fuit
344 452 497 489 salutis:
533 464 617 489 nam
646 453 788 489 sacrato
816 451 855 488 in
883 450 1031 488 flumine

234 506 402 542 Veterum
430 506 548 552 pietas
581 506 636 552 (3)
666 504 759 541 lavit
787 515 945 541 errorum
974 505 1105 548 notas;

232 558 300 594 Sed
326 558 443 595 tincta
471 560 662 605 postquam
690 557 851 594 membra
879 557 1141 602 defaecaverat,

233 611 338 649 Caelo
365 611 551 658 refulgens
579 611 756 648 influebat
783 610 951 657 Spiritus.
1255 610 1302 646 75

285 677 363 713 Hoc
392 688 433 712 ex
461 676 620 721 lavaero,
652 675 732 711 labe
763 675 909 721 dempta
937 673 1128 711 criminum
1160 674 1233 722 (4),

233 730 342 766 Ibant
368 728 486 765 renati
514 739 586 765 non
615 739 731 773 secus,
763 739 870 775 quam
900 727 931 764 si
959 727 1060 764 rudis

231 782 322 819 Auri
349 783 489 819 recocta
516 792 609 818 vena
636 781 828 827 pulchrum
856 780 1068 827 splendeat,

231 835 341 872 Mieet
368 834 507 872 metalli
536 834 610 871 sive
638 834 701 870 lux
729 834 906 881 argentei,

230 889 365 925 Sudum
394 887 505 935 polito
532 887 742 934 praenitens
769 887 1000 934 purgamine.
1253 886 1303 923 80

284 952 428 990 Referre
455 951 566 998 prisci
593 952 747 988 stemma
776 951 833 998 (5)
863 963 960 988 nunc
988 951 1115 994 ieiunii

231 1005 348 1049 Libet,
380 1005 478 1042 fideli
506 1004 687 1051 proditum
715 1003 897 1042 volumine
927 1005 1000 1052 (6),

232 1059 280 1094 Ut
307 1058 504 1094 diruendae
530 1057 691 1095 civitatis
717 1057 845 1094 ineolis

232 1111 382 1148 Fulmen
411 1110 562 1158 benigni
590 1110 879 1147 mansuefactum
909 1110 1031 1148 Patris

232 1164 293 1201 Pie
321 1164 494 1211 repressis
521 1163 669 1211 ignibus
696 1163 906 1210 pepercerit.
1252 1163 1302 1201 85

240 1345 283 1383 (1)
308 1346 448 1380 Rarum,
472 1345 581 1374 Hams.
608 1353 645 1374 ex
671 1344 736 1374 cod.
755 1344 904 1374 Puteano.
925 1354 1068 1382 parvum
1091 1345 1254 1375 Grsumnvs
1271 1345 1303 1374 et

181 1387 346 1416 Wffl'rmvs.
371 1386 433 1416 Alii
457 1396 603 1425 pru-um,-
624 1386 675 1415 sed
698 1387 779 1415 recte
801 1387 963 1415 Gusmmvs
986 1386 1147 1416 adnotasse
1169 1387 1300 1421 videtur,

180 1428 274 1457 multo
296 1428 415 1457 mollius
427 1436 491 1457 esse
504 1437 663 1465 peu-cunm
678 1438 694 1454 «
713 1428 780 1463 quis
795 1428 888 1463 enim,
916 1427 963 1457 ait
978 1427 1040 1464 ille,
1058 1436 1190 1464 unquam
1205 1427 1303 1457 latine

179 1470 271 1504 dixit,
288 1478 414 1506 parvum
437 1470 557 1506 pastum
581 1469 673 1498 dare?
698 1480 714 1495 »

242 1522 286 1560 (2)
311 1522 452 1551 locustis.
476 1521 566 1550 Afros
587 1523 618 1550 et
640 1521 775 1550 Orientis
799 1521 922 1558 populos
945 1521 1090 1557 quosdam
1109 1520 1249 1558 {locustas
1271 1521 1303 1551 in

179 1564 281 1593 eibum
304 1563 349 1592 vel
372 1563 485 1592 nostris
507 1563 693 1600 temporibus
717 1563 891 1598 quaesitam
912 1571 958 1592 res
980 1565 1027 1593 est
1048 1563 1218 1601 explorata.
1240 1599 1245 1604 Ι

242 1616 286 1654 (3)
315 1617 459 1645 Veterum
475 1617 594 1654 pietas.
613 1615 740 1644 Frustra
758 1616 813 1653 pie
829 1618 970 1645 vetustas
985 1625 1001 1645 e
1017 1616 1199 1653 quibusdam
1215 1615 1302 1646 codd.

180 1658 340 1695 descripsit
362 1658 528 1686 erzws.

244 1710 288 1748 (4)
313 1710 379 1739 Hoc
394 1719 433 1738 ea:
449 1710 590 1744 lavacro,
607 1709 667 1738 etc.
687 1709 742 1738 His
765 1708 926 1738 Prudentii
949 1709 1048 1738 verbis
1073 1710 1212 1747 praestat
1226 1708 1302 1745 glos-

180 1751 275 1780 sulam
308 1752 456 1780 subiicere
471 1774 478 1786 ,
502 1759 579 1786 quae
613 1751 642 1779 in
667 1759 724 1779 uno
746 1750 813 1779 cod.
837 1750 939 1779 Vatic.
962 1751 1087 1787 legitur.
1118 1751 1177 1780 Est
1198 1755 1301 1780 autem

181 1792 342 1829 ejusmodi:
361 1804 377 1819 «
390 1792 452 1821 Hoc
466 1801 523 1821 non
537 1794 582 1821 est
597 1794 807 1825 auctoratum:
823 1800 894 1820 nam
907 1792 1033 1821 Ioannes
1045 1793 1076 1821 in
1089 1800 1168 1828 aqua
1182 1793 1302 1821 tantum

180 1834 360 1871 baptizabat
374 1842 431 1862 non
447 1834 478 1862 in
493 1834 614 1862 nornine
630 1833 732 1862 Patris
747 1836 778 1862 et
794 1833 865 1862 Filii
882 1835 913 1862 et
935 1833 1069 1870 Spiritus
1083 1833 1206 1868 δεηθῇς
1231 1841 1302 1869 ergo

182 1875 263 1903 illius
279 1875 431 1912 baptisma
447 1875 526 1904 nihil
548 1874 701 1912 proderat.
718 1875 777 1903 nisi
800 1875 835 1903 ut
856 1874 979 1904 Christo
1001 1874 1083 1904 viam
1105 1875 1303 1912 praepararet

181 1917 378 1953 baptizaturo
401 1927 429 1945 ».

244 1969 287 2005 (ὃ)
313 1967 494 2012 Στέμματνι.
514 1969 603 1998 erant
617 1976 756 2003 coronae,
774 1967 882 2003 quibus
898 1968 1050 1997 maiorum
1067 1967 1216 2004 imagines
1238 1968 1301 1997 cin-

180 2016 339 2047 gebantur.
363 2016 425 2045 Hoc
448 2016 567 2045 nomine
589 2016 691 2044 noster
706 2015 814 2044 ieiunii
838 2014 1032 2044 nobilitatem
1056 2016 1303 2051 vetustatemque

179 2057 316 2087 denotat.

242 2098 285 2136 (6)
310 2098 469 2127 volumine
490 2098 558 2127 scil.
582 2098 671 2127 Ionae
694 2096 877 2135 Prophetae.
