<?xml version="1.0" encoding="UTF-8"?>
<!DOCTYPE html PUBLIC "-//W3C//DTD XHTML 1.0 Transitional//EN"
    "http://www.w3.org/TR/xhtml1/DTD/xhtml1-transitional.dtd">
<html xmlns="http://www.w3.org/1999/xhtml" xml:lang="en" lang="en">
 <head>
  <title>
</title>
<meta http-equiv="Content-Type" content="text/html;charset=utf-8" />
  <meta name='ocr-system' content='tesseract 3.04.00' />
  <meta name='ocr-capabilities' content='ocr_page ocr_carea ocr_par ocr_line ocrx_word'/>
</head>
<body>
  <div class='ocr_page' id='page_1' title='image "./operapru01pruduoft_0160.png"; bbox 0 0 1450 2537; ppageno 0'>
   <div class='ocr_carea' id='block_1_1' title="bbox 1225 0 1450 79">
    <p class='ocr_par' dir='ltr' id='par_1_1' title="bbox 1225 0 1450 79">
     <span class='ocr_line' id='line_1_1' title="bbox 1225 0 1450 79; baseline 0 2458"><span class='ocrx_word' id='word_1_1' title='bbox 1225 0 1450 79; x_wconf 95' lang='lat' dir='ltr'> </span> 
     </span>
    </p>
   </div>
   <div class='ocr_carea' id='block_1_2' title="bbox 192 156 946 194">
    <p class='ocr_par' dir='ltr' id='par_1_2' title="bbox 192 156 946 194">
     <span class='ocr_line' id='line_1_2' title="bbox 192 156 946 194; baseline -0.004 0"><span class='ocrx_word' id='word_1_2' title='bbox 192 156 267 194; x_wconf 89' lang='grc'>118</span> <span class='ocrx_word' id='word_1_3' title='bbox 574 166 721 193; x_wconf 73' lang='lat' dir='ltr'>Avnssffl</span> <span class='ocrx_word' id='word_1_4' title='bbox 750 165 946 192; x_wconf 77' lang='lat' dir='ltr'>anm-:NTH</span> 
     </span>
    </p>
   </div>
   <div class='ocr_carea' id='block_1_3' title="bbox 348 278 1314 700">
    <p class='ocr_par' dir='ltr' id='par_1_3' title="bbox 348 278 1114 327">
     <span class='ocr_line' id='line_1_3' title="bbox 348 278 1114 327; baseline 0.001 -13"><span class='ocrx_word' id='word_1_5' title='bbox 348 283 464 324; x_wconf 75' lang='lat' dir='ltr'>Quam</span> <span class='ocrx_word' id='word_1_6' title='bbox 493 279 739 316; x_wconf 81' lang='lat' dir='ltr'>memorabilis</span> <span class='ocrx_word' id='word_1_7' title='bbox 768 278 891 315; x_wconf 83' lang='lat' dir='ltr'>amnis</span> <span class='ocrx_word' id='word_1_8' title='bbox 920 279 1025 315; x_wconf 84' lang='lat' dir='ltr'>Anas</span> <span class='ocrx_word' id='word_1_9' title='bbox 1055 278 1114 327; x_wconf 92' lang='lat' dir='ltr'>(l)</span> 
     </span>
    </p>

    <p class='ocr_par' dir='ltr' id='par_1_4' title="bbox 350 332 964 378">
     <span class='ocr_line' id='line_1_4' title="bbox 350 332 964 378; baseline -0.003 -9"><span class='ocrx_word' id='word_1_10' title='bbox 350 333 542 378; x_wconf 37' lang='lat' dir='ltr'>Praemisit,</span> <span class='ocrx_word' id='word_1_11' title='bbox 574 334 610 369; x_wconf 80' lang='lat' dir='ltr'>et</span> <span class='ocrx_word' id='word_1_12' title='bbox 639 332 821 368; x_wconf 69' lang='lat' dir='ltr'>viridante</span> <span class='ocrx_word' id='word_1_13' title='bbox 850 343 964 377; x_wconf 72' lang='lat' dir='ltr'>rapax</span> 
     </span>
    </p>

    <p class='ocr_par' dir='ltr' id='par_1_5' title="bbox 350 383 1313 498">
     <span class='ocr_line' id='line_1_5' title="bbox 350 383 1313 433; baseline -0.001 -11"><span class='ocrx_word' id='word_1_14' title='bbox 350 386 503 433; x_wconf 77' lang='lat' dir='ltr'>Gurgite</span> <span class='ocrx_word' id='word_1_15' title='bbox 531 385 676 423; x_wconf 83' lang='lat' dir='ltr'>moenia</span> <span class='ocrx_word' id='word_1_16' title='bbox 704 384 859 431; x_wconf 81' lang='lat' dir='ltr'>pulchra</span> <span class='ocrx_word' id='word_1_17' title='bbox 887 384 992 422; x_wconf 83' lang='lat' dir='ltr'>lavit.</span> <span class='ocrx_word' id='word_1_18' title='bbox 1238 383 1313 421; x_wconf 81' lang='lat'>190</span> 
     </span>
     <span class='ocr_line' id='line_1_6' title="bbox 402 449 1081 498; baseline -0.003 -11"><span class='ocrx_word' id='word_1_19' title='bbox 402 450 489 495; x_wconf 90' lang='lat' dir='ltr'>Hic,</span> <span class='ocrx_word' id='word_1_20' title='bbox 515 450 579 487; x_wconf 90' lang='lat' dir='ltr'>ubi</span> <span class='ocrx_word' id='word_1_21' title='bbox 608 449 667 498; x_wconf 81' lang='lat'>(2)</span> <span class='ocrx_word' id='word_1_22' title='bbox 687 460 865 486; x_wconf 86' lang='lat' dir='ltr'>marmore</span> <span class='ocrx_word' id='word_1_23' title='bbox 893 449 1081 496; x_wconf 86' lang='lat' dir='ltr'>perspicuo</span> 
     </span>
    </p>

    <p class='ocr_par' dir='ltr' id='par_1_6' title="bbox 349 502 893 540">
     <span class='ocr_line' id='line_1_7' title="bbox 349 502 893 540; baseline -0.002 -1"><span class='ocrx_word' id='word_1_24' title='bbox 349 503 457 539; x_wconf 76' lang='lat' dir='ltr'>Atria</span> <span class='ocrx_word' id='word_1_25' title='bbox 482 503 643 540; x_wconf 87' lang='lat' dir='ltr'>luminat</span> <span class='ocrx_word' id='word_1_26' title='bbox 670 503 767 539; x_wconf 83' lang='lat' dir='ltr'>alma</span> <span class='ocrx_word' id='word_1_27' title='bbox 796 502 893 539; x_wconf 87' lang='lat' dir='ltr'>nitor</span> 
     </span>
    </p>

    <p class='ocr_par' dir='ltr' id='par_1_7' title="bbox 350 555 939 603">
     <span class='ocr_line' id='line_1_8' title="bbox 350 555 939 603; baseline 0 -11"><span class='ocrx_word' id='word_1_28' title='bbox 350 556 397 592; x_wconf 77' lang='lat' dir='ltr'>Et</span> <span class='ocrx_word' id='word_1_29' title='bbox 424 556 654 603; x_wconf 76' lang='lat' dir='ltr'>peregrinus,</span> <span class='ocrx_word' id='word_1_30' title='bbox 685 557 721 593; x_wconf 89' lang='lat' dir='ltr'>et</span> <span class='ocrx_word' id='word_1_31' title='bbox 748 555 939 602; x_wconf 78' lang='lat' dir='ltr'>indigena,</span> 
     </span>
    </p>

    <p class='ocr_par' dir='ltr' id='par_1_8' title="bbox 350 608 945 656">
     <span class='ocr_line' id='line_1_9' title="bbox 350 608 945 656; baseline 0.002 -11"><span class='ocrx_word' id='word_1_32' title='bbox 350 608 555 656; x_wconf 84' lang='lat' dir='ltr'>Relliquias</span> <span class='ocrx_word' id='word_1_33' title='bbox 583 609 792 656; x_wconf 81' lang='lat' dir='ltr'>cineresque</span> <span class='ocrx_word' id='word_1_34' title='bbox 821 619 945 646; x_wconf 88' lang='lat' dir='ltr'>sacros</span> 
     </span>
    </p>

    <p class='ocr_par' dir='ltr' id='par_1_9' title="bbox 350 661 1314 700">
     <span class='ocr_line' id='line_1_10' title="bbox 350 661 1314 700; baseline -0.001 -2"><span class='ocrx_word' id='word_1_35' title='bbox 350 662 477 699; x_wconf 83' lang='lat' dir='ltr'>Servat</span> <span class='ocrx_word' id='word_1_36' title='bbox 504 662 638 700; x_wconf 90' lang='lat' dir='ltr'>humus</span> <span class='ocrx_word' id='word_1_37' title='bbox 665 661 874 699; x_wconf 78' lang='lat' dir='ltr'>veneranda</span> <span class='ocrx_word' id='word_1_38' title='bbox 901 662 998 699; x_wconf 89' lang='lat' dir='ltr'>sinu.</span> <span class='ocrx_word' id='word_1_39' title='bbox 1240 661 1314 698; x_wconf 81' lang='lat'>195</span> 
     </span>
    </p>
   </div>
   <div class='ocr_carea' id='block_1_4' title="bbox 348 726 1315 978">
    <p class='ocr_par' dir='ltr' id='par_1_10' title="bbox 348 726 1315 978">
     <span class='ocr_line' id='line_1_11' title="bbox 401 726 1006 774; baseline -0.002 -10"><span class='ocrx_word' id='word_1_40' title='bbox 401 727 512 765; x_wconf 86' lang='lat' dir='ltr'>Tecta</span> <span class='ocrx_word' id='word_1_41' title='bbox 538 738 689 765; x_wconf 87' lang='lat' dir='ltr'>corusca</span> <span class='ocrx_word' id='word_1_42' title='bbox 716 738 824 774; x_wconf 89' lang='lat' dir='ltr'>super</span> <span class='ocrx_word' id='word_1_43' title='bbox 851 726 1006 764; x_wconf 80' lang='lat' dir='ltr'>rutilant</span> 
     </span>
     <span class='ocr_line' id='line_1_12' title="bbox 349 780 862 828; baseline 0.002 -11"><span class='ocrx_word' id='word_1_44' title='bbox 349 780 404 817; x_wconf 91' lang='lat' dir='ltr'>De</span> <span class='ocrx_word' id='word_1_45' title='bbox 430 780 664 828; x_wconf 83' lang='lat' dir='ltr'>laquearibus</span> <span class='ocrx_word' id='word_1_46' title='bbox 692 780 862 826; x_wconf 83' lang='lat' dir='ltr'>aureolis,</span> 
     </span>
     <span class='ocr_line' id='line_1_13' title="bbox 349 833 982 881; baseline 0 -11"><span class='ocrx_word' id='word_1_47' title='bbox 349 834 514 881; x_wconf 77' lang='lat' dir='ltr'>Saxaque</span> <span class='ocrx_word' id='word_1_48' title='bbox 541 845 649 871; x_wconf 88' lang='lat' dir='ltr'>caesa</span> <span class='ocrx_word' id='word_1_49' title='bbox 676 833 794 871; x_wconf 92' lang='lat' dir='ltr'>solum</span> <span class='ocrx_word' id='word_1_50' title='bbox 821 833 982 880; x_wconf 88' lang='lat' dir='ltr'>variant,</span> 
     </span>
     <span class='ocr_line' id='line_1_14' title="bbox 348 886 932 934; baseline 0.002 -11"><span class='ocrx_word' id='word_1_51' title='bbox 348 886 516 925; x_wconf 85' lang='lat' dir='ltr'>Floribus</span> <span class='ocrx_word' id='word_1_52' title='bbox 543 888 585 924; x_wconf 91' lang='lat' dir='ltr'>ut</span> <span class='ocrx_word' id='word_1_53' title='bbox 611 886 799 925; x_wconf 77' lang='lat' dir='ltr'>rosulenta</span> <span class='ocrx_word' id='word_1_54' title='bbox 825 888 932 934; x_wconf 89' lang='lat' dir='ltr'>putes</span> 
     </span>
     <span class='ocr_line' id='line_1_15' title="bbox 348 939 1315 978; baseline 0.002 -2"><span class='ocrx_word' id='word_1_55' title='bbox 348 939 462 977; x_wconf 87' lang='lat' dir='ltr'>Prata</span> <span class='ocrx_word' id='word_1_56' title='bbox 489 940 677 978; x_wconf 81' lang='lat' dir='ltr'>rubescere</span> <span class='ocrx_word' id='word_1_57' title='bbox 702 940 942 978; x_wconf 74' lang='lat' dir='ltr'>multimodis.</span> <span class='ocrx_word' id='word_1_58' title='bbox 1239 940 1315 978; x_wconf 87' lang='grc'>200</span> 
     </span>
    </p>
   </div>
   <div class='ocr_carea' id='block_1_5' title="bbox 349 1004 1314 1255">
    <p class='ocr_par' dir='ltr' id='par_1_11' title="bbox 349 1004 1314 1255">
     <span class='ocr_line' id='line_1_16' title="bbox 403 1004 935 1052; baseline 0.002 -11"><span class='ocrx_word' id='word_1_59' title='bbox 403 1004 547 1051; x_wconf 83' lang='lat' dir='ltr'>Carpite</span> <span class='ocrx_word' id='word_1_60' title='bbox 574 1015 775 1052; x_wconf 88' lang='lat' dir='ltr'>purpureas</span> <span class='ocrx_word' id='word_1_61' title='bbox 802 1004 935 1049; x_wconf 83' lang='lat' dir='ltr'>violas,</span> 
     </span>
     <span class='ocr_line' id='line_1_17' title="bbox 349 1056 972 1105; baseline 0 -11"><span class='ocrx_word' id='word_1_62' title='bbox 349 1057 648 1105; x_wconf 84' lang='lat' dir='ltr'>Sanguineosque</span> <span class='ocrx_word' id='word_1_63' title='bbox 676 1056 798 1095; x_wconf 83' lang='lat' dir='ltr'>c&#39;rocos</span> <span class='ocrx_word' id='word_1_64' title='bbox 825 1057 972 1095; x_wconf 85' lang='lat' dir='ltr'>metite:</span> 
     </span>
     <span class='ocr_line' id='line_1_18' title="bbox 349 1110 996 1158; baseline 0.002 -11"><span class='ocrx_word' id='word_1_65' title='bbox 349 1111 435 1148; x_wconf 87' lang='lat' dir='ltr'>Non</span> <span class='ocrx_word' id='word_1_66' title='bbox 463 1112 562 1148; x_wconf 85' lang='lat' dir='ltr'>caret</span> <span class='ocrx_word' id='word_1_67' title='bbox 588 1110 648 1148; x_wconf 89' lang='lat' dir='ltr'>his</span> <span class='ocrx_word' id='word_1_68' title='bbox 676 1110 836 1158; x_wconf 84' lang='lat' dir='ltr'>genialis</span> <span class='ocrx_word' id='word_1_69' title='bbox 864 1111 996 1158; x_wconf 88' lang='lat' dir='ltr'>hiems,</span> 
     </span>
     <span class='ocr_line' id='line_1_19' title="bbox 349 1164 983 1212; baseline 0.003 -12"><span class='ocrx_word' id='word_1_70' title='bbox 349 1164 468 1200; x_wconf 81' lang='lat' dir='ltr'>Laxat</span> <span class='ocrx_word' id='word_1_71' title='bbox 495 1165 531 1201; x_wconf 87' lang='lat' dir='ltr'>et</span> <span class='ocrx_word' id='word_1_72' title='bbox 558 1175 647 1201; x_wconf 88' lang='lat' dir='ltr'>arva</span> <span class='ocrx_word' id='word_1_73' title='bbox 673 1166 802 1211; x_wconf 89' lang='lat' dir='ltr'>tepens</span> <span class='ocrx_word' id='word_1_74' title='bbox 829 1164 983 1212; x_wconf 84' lang='lat' dir='ltr'>glacies,</span> 
     </span>
     <span class='ocr_line' id='line_1_20' title="bbox 353 1217 1314 1255; baseline -0.001 -2"><span class='ocrx_word' id='word_1_75' title='bbox 353 1217 516 1255; x_wconf 82' lang='lat' dir='ltr'>Floribus</span> <span class='ocrx_word' id='word_1_76' title='bbox 543 1219 585 1254; x_wconf 91' lang='lat' dir='ltr'>nt</span> <span class='ocrx_word' id='word_1_77' title='bbox 613 1217 772 1255; x_wconf 86' lang='lat' dir='ltr'>cumulet</span> <span class='ocrx_word' id='word_1_78' title='bbox 799 1217 979 1255; x_wconf 84' lang='lat' dir='ltr'>calathos.</span> <span class='ocrx_word' id='word_1_79' title='bbox 1238 1218 1314 1254; x_wconf 79' lang='lat'>205</span> 
     </span>
    </p>
   </div>
   <div class='ocr_carea' id='block_1_6' title="bbox 347 1281 1315 1542">
    <p class='ocr_par' dir='ltr' id='par_1_12' title="bbox 347 1281 1315 1542">
     <span class='ocr_line' id='line_1_21' title="bbox 403 1281 916 1320; baseline 0.002 -1"><span class='ocrx_word' id='word_1_80' title='bbox 403 1282 483 1319; x_wconf 88' lang='lat' dir='ltr'>Ista</span> <span class='ocrx_word' id='word_1_81' title='bbox 511 1282 742 1320; x_wconf 88' lang='lat' dir='ltr'>comantibus</span> <span class='ocrx_word' id='word_1_82' title='bbox 770 1293 788 1319; x_wconf 91' lang='lat' dir='ltr'>e</span> <span class='ocrx_word' id='word_1_83' title='bbox 817 1281 916 1320; x_wconf 87' lang='lat' dir='ltr'>foliis</span> 
     </span>
     <span class='ocr_line' id='line_1_22' title="bbox 349 1335 1014 1383; baseline 0.002 -11"><span class='ocrx_word' id='word_1_84' title='bbox 349 1335 517 1381; x_wconf 87' lang='lat' dir='ltr'>Munera,</span> <span class='ocrx_word' id='word_1_85' title='bbox 547 1335 666 1383; x_wconf 84' lang='lat' dir='ltr'>virgo,</span> <span class='ocrx_word' id='word_1_86' title='bbox 696 1347 871 1382; x_wconf 86' lang='lat' dir='ltr'>puerque,</span> <span class='ocrx_word' id='word_1_87' title='bbox 903 1336 1014 1374; x_wconf 84' lang='lat' dir='ltr'>date:</span> 
     </span>
     <span class='ocr_line' id='line_1_23' title="bbox 349 1388 990 1436; baseline 0 -10"><span class='ocrx_word' id='word_1_88' title='bbox 349 1390 421 1425; x_wconf 85' lang='lat' dir='ltr'>Ast</span> <span class='ocrx_word' id='word_1_89' title='bbox 448 1400 515 1436; x_wconf 83' lang='lat' dir='ltr'>ego</span> <span class='ocrx_word' id='word_1_90' title='bbox 543 1390 640 1426; x_wconf 87' lang='lat' dir='ltr'>serta</span> <span class='ocrx_word' id='word_1_91' title='bbox 667 1389 776 1426; x_wconf 90' lang='lat' dir='ltr'>choro</span> <span class='ocrx_word' id='word_1_92' title='bbox 804 1388 843 1426; x_wconf 88' lang='lat' dir='ltr'>in</span> <span class='ocrx_word' id='word_1_93' title='bbox 872 1389 990 1426; x_wconf 90' lang='lat' dir='ltr'>medio</span> 
     </span>
     <span class='ocr_line' id='line_1_24' title="bbox 347 1441 940 1490; baseline 0 -12"><span class='ocrx_word' id='word_1_94' title='bbox 347 1442 462 1478; x_wconf 81' lang='lat' dir='ltr'>Texta</span> <span class='ocrx_word' id='word_1_95' title='bbox 488 1441 603 1479; x_wconf 87' lang='lat' dir='ltr'>feram</span> <span class='ocrx_word' id='word_1_96' title='bbox 631 1442 719 1489; x_wconf 88' lang='lat' dir='ltr'>pede</span> <span class='ocrx_word' id='word_1_97' title='bbox 748 1442 940 1490; x_wconf 86' lang='lat' dir='ltr'>dactylico,</span> 
     </span>
     <span class='ocr_line' id='line_1_25' title="bbox 348 1494 1315 1542; baseline 0 -10"><span class='ocrx_word' id='word_1_98' title='bbox 348 1494 463 1539; x_wconf 88' lang='lat' dir='ltr'>Vilia,</span> <span class='ocrx_word' id='word_1_99' title='bbox 493 1495 672 1542; x_wconf 85' lang='lat' dir='ltr'>marcida,</span> <span class='ocrx_word' id='word_1_100' title='bbox 703 1495 799 1532; x_wconf 86' lang='lat' dir='ltr'>festa</span> <span class='ocrx_word' id='word_1_101' title='bbox 826 1497 964 1532; x_wconf 88' lang='lat' dir='ltr'>tamen.</span> <span class='ocrx_word' id='word_1_102' title='bbox 1238 1495 1315 1532; x_wconf 80' lang='lat'>210</span> 
     </span>
    </p>
   </div>
   <div class='ocr_carea' id='block_1_7' title="bbox 401 1560 1024 1608">
    <p class='ocr_par' dir='ltr' id='par_1_13' title="bbox 401 1560 1024 1608">
     <span class='ocr_line' id='line_1_26' title="bbox 401 1560 1024 1608; baseline 0 -11"><span class='ocrx_word' id='word_1_103' title='bbox 401 1560 458 1598; x_wconf 84' lang='lat' dir='ltr'>Sic</span> <span class='ocrx_word' id='word_1_104' title='bbox 486 1560 692 1598; x_wconf 79' lang='lat' dir='ltr'>venerarier</span> <span class='ocrx_word' id='word_1_105' title='bbox 721 1560 779 1608; x_wconf 84' lang='lat'>(3)</span> <span class='ocrx_word' id='word_1_106' title='bbox 809 1571 892 1598; x_wconf 87' lang='lat' dir='ltr'>ossa</span> <span class='ocrx_word' id='word_1_107' title='bbox 919 1560 1024 1607; x_wconf 89' lang='lat' dir='ltr'>libet,</span> 
     </span>
    </p>
   </div>
   <div class='ocr_carea' id='block_1_8' title="bbox 186 1701 1315 2073">
    <p class='ocr_par' dir='ltr' id='par_1_14' title="bbox 187 1701 1315 1831">
     <span class='ocr_line' id='line_1_27' title="bbox 251 1701 1315 1741; baseline 0 -10"><span class='ocrx_word' id='word_1_108' title='bbox 251 1702 296 1741; x_wconf 90' lang='lat'>(1)</span> <span class='ocrx_word' id='word_1_109' title='bbox 319 1703 422 1731; x_wconf 75' lang='lat' dir='ltr'>Anas.</span> <span class='ocrx_word' id='word_1_110' title='bbox 446 1701 524 1731; x_wconf 84' lang='lat' dir='ltr'>Nos:</span> <span class='ocrx_word' id='word_1_111' title='bbox 549 1701 582 1730; x_wconf 82' lang='lat' dir='ltr'>la</span> <span class='ocrx_word' id='word_1_112' title='bbox 605 1701 805 1736; x_wconf 75' lang='lat' dir='ltr'>Gaudiana,</span> <span class='ocrx_word' id='word_1_113' title='bbox 829 1701 939 1730; x_wconf 76' lang='lat' dir='ltr'>fluvius</span> <span class='ocrx_word' id='word_1_114' title='bbox 959 1701 1140 1739; x_wconf 85' lang='lat' dir='ltr'>Hispaniae,</span> <span class='ocrx_word' id='word_1_115' title='bbox 1166 1701 1218 1738; x_wconf 89' lang='lat' dir='ltr'>qui</span> <span class='ocrx_word' id='word_1_116' title='bbox 1240 1702 1315 1731; x_wconf 73' lang='lat' dir='ltr'>Bae-</span> 
     </span>
     <span class='ocr_line' id='line_1_28' title="bbox 187 1747 1314 1785; baseline 0 -6"><span class='ocrx_word' id='word_1_117' title='bbox 187 1749 283 1779; x_wconf 83' lang='lat' dir='ltr'>ticam</span> <span class='ocrx_word' id='word_1_118' title='bbox 305 1757 323 1777; x_wconf 86' lang='lat' dir='ltr'>a</span> <span class='ocrx_word' id='word_1_119' title='bbox 345 1749 506 1778; x_wconf 70' lang='lat' dir='ltr'>Lusitania</span> <span class='ocrx_word' id='word_1_120' title='bbox 526 1757 639 1785; x_wconf 80' lang='lat' dir='ltr'>magna</span> <span class='ocrx_word' id='word_1_121' title='bbox 653 1757 690 1777; x_wconf 81' lang='lat' dir='ltr'>ex</span> <span class='ocrx_word' id='word_1_122' title='bbox 705 1750 793 1785; x_wconf 85' lang='lat' dir='ltr'>parte</span> <span class='ocrx_word' id='word_1_123' title='bbox 808 1747 1021 1783; x_wconf 72' lang='lat' dir='ltr'>disterminat3</span> <span class='ocrx_word' id='word_1_124' title='bbox 1045 1748 1082 1779; x_wconf 73' lang='lat' dir='ltr'>de</span> <span class='ocrx_word' id='word_1_125' title='bbox 1099 1756 1156 1784; x_wconf 82' lang='lat' dir='ltr'>quo</span> <span class='ocrx_word' id='word_1_126' title='bbox 1171 1748 1206 1779; x_wconf 88' lang='lat' dir='ltr'>V.</span> <span class='ocrx_word' id='word_1_127' title='bbox 1223 1748 1314 1779; x_wconf 74' lang='lat' dir='ltr'>PLm.</span> 
     </span>
     <span class='ocr_line' id='line_1_29' title="bbox 187 1796 566 1831; baseline -0.003 -5"><span class='ocrx_word' id='word_1_128' title='bbox 187 1797 275 1826; x_wconf 81' lang='lat' dir='ltr'>Hist.</span> <span class='ocrx_word' id='word_1_129' title='bbox 298 1797 376 1826; x_wconf 75' lang='lat' dir='ltr'>IVctt.</span> <span class='ocrx_word' id='word_1_130' title='bbox 398 1796 456 1830; x_wconf 83' lang='grc' dir='ltr'>ῙΠ,</span> <span class='ocrx_word' id='word_1_131' title='bbox 481 1796 511 1831; x_wconf 88' lang='grc'>1,</span> <span class='ocrx_word' id='word_1_132' title='bbox 535 1796 566 1826; x_wconf 84' lang='grc'>3.</span> 
     </span>
    </p>

    <p class='ocr_par' dir='ltr' id='par_1_15' title="bbox 186 1847 1314 2073">
     <span class='ocr_line' id='line_1_30' title="bbox 251 1847 1314 1885; baseline 0 -8"><span class='ocrx_word' id='word_1_133' title='bbox 251 1849 294 1885; x_wconf 76' lang='grc'>(2)</span> <span class='ocrx_word' id='word_1_134' title='bbox 316 1849 391 1883; x_wconf 84' lang='lat' dir='ltr'>Hic,</span> <span class='ocrx_word' id='word_1_135' title='bbox 415 1848 481 1877; x_wconf 78' lang='lat' dir='ltr'>ubi.</span> <span class='ocrx_word' id='word_1_136' title='bbox 505 1847 583 1878; x_wconf 83' lang='lat' dir='ltr'>Ordo</span> <span class='ocrx_word' id='word_1_137' title='bbox 605 1850 673 1877; x_wconf 80' lang='lat' dir='ltr'>est:</span> <span class='ocrx_word' id='word_1_138' title='bbox 707 1848 816 1877; x_wconf 87' lang='lat' dir='ltr'>humus</span> <span class='ocrx_word' id='word_1_139' title='bbox 845 1848 1019 1878; x_wconf 84' lang='lat' dir='ltr'>veneranda</span> <span class='ocrx_word' id='word_1_140' title='bbox 1050 1849 1156 1878; x_wconf 84' lang='lat' dir='ltr'>servat</span> <span class='ocrx_word' id='word_1_141' title='bbox 1183 1848 1215 1876; x_wconf 90' lang='lat' dir='ltr'>in</span> <span class='ocrx_word' id='word_1_142' title='bbox 1244 1848 1314 1877; x_wconf 75' lang='lat' dir='ltr'>sinu</span> 
     </span>
     <span class='ocr_line' id='line_1_31' title="bbox 186 1895 1314 1934; baseline 0 -10"><span class='ocrx_word' id='word_1_143' title='bbox 186 1896 343 1931; x_wconf 71' lang='lat' dir='ltr'>selliquias</span> <span class='ocrx_word' id='word_1_144' title='bbox 364 1897 395 1925; x_wconf 87' lang='lat' dir='ltr'>et</span> <span class='ocrx_word' id='word_1_145' title='bbox 417 1896 532 1925; x_wconf 83' lang='lat' dir='ltr'>cineres</span> <span class='ocrx_word' id='word_1_146' title='bbox 554 1904 656 1925; x_wconf 79' lang='lat' dir='ltr'>sacros</span> <span class='ocrx_word' id='word_1_147' title='bbox 680 1895 843 1934; x_wconf 86' lang='lat' dir='ltr'>(Virginis)</span> <span class='ocrx_word' id='word_1_148' title='bbox 867 1895 930 1931; x_wconf 86' lang='lat' dir='ltr'>hic,</span> <span class='ocrx_word' id='word_1_149' title='bbox 953 1895 1007 1925; x_wconf 91' lang='lat' dir='ltr'>ubi</span> <span class='ocrx_word' id='word_1_150' title='bbox 1028 1895 1113 1925; x_wconf 86' lang='lat' dir='ltr'>nitor</span> <span class='ocrx_word' id='word_1_151' title='bbox 1133 1895 1314 1932; x_wconf 84' lang='lat' dir='ltr'>peregrinus</span> 
     </span>
     <span class='ocr_line' id='line_1_32' title="bbox 187 1942 1313 1980; baseline -0.002 -8"><span class='ocrx_word' id='word_1_152' title='bbox 187 1945 220 1972; x_wconf 84' lang='lat' dir='ltr'>et</span> <span class='ocrx_word' id='word_1_153' title='bbox 240 1943 385 1978; x_wconf 81' lang='lat' dir='ltr'>indigena</span> <span class='ocrx_word' id='word_1_154' title='bbox 405 1943 563 1972; x_wconf 80' lang='lat' dir='ltr'>illuminat</span> <span class='ocrx_word' id='word_1_155' title='bbox 583 1944 668 1972; x_wconf 82' lang='lat' dir='ltr'>atria</span> <span class='ocrx_word' id='word_1_156' title='bbox 700 1943 782 1972; x_wconf 87' lang='lat' dir='ltr'>alma</span> <span class='ocrx_word' id='word_1_157' title='bbox 814 1951 965 1972; x_wconf 86' lang='lat' dir='ltr'>marmore</span> <span class='ocrx_word' id='word_1_158' title='bbox 996 1942 1166 1980; x_wconf 82' lang='lat' dir='ltr'>perspicuo.</span> <span class='ocrx_word' id='word_1_159' title='bbox 1202 1958 1241 1963; x_wconf 93' lang='lat'>—</span> <span class='ocrx_word' id='word_1_160' title='bbox 1264 1942 1313 1970; x_wconf 85' lang='lat' dir='ltr'>lu-</span> 
     </span>
     <span class='ocr_line' id='line_1_33' title="bbox 187 1988 1312 2027; baseline -0.001 -8"><span class='ocrx_word' id='word_1_161' title='bbox 187 1991 291 2019; x_wconf 77' lang='lat' dir='ltr'>minat</span> <span class='ocrx_word' id='word_1_162' title='bbox 313 1998 365 2027; x_wconf 86' lang='lat' dir='ltr'>pro</span> <span class='ocrx_word' id='word_1_163' title='bbox 387 1990 555 2026; x_wconf 84' lang='lat' dir='ltr'>illuminat,</span> <span class='ocrx_word' id='word_1_164' title='bbox 578 1990 715 2019; x_wconf 85' lang='lat' dir='ltr'>illustrat</span> <span class='ocrx_word' id='word_1_165' title='bbox 736 1990 862 2019; x_wconf 84' lang='lat' dir='ltr'>verbum</span> <span class='ocrx_word' id='word_1_166' title='bbox 877 1989 1012 2019; x_wconf 83' lang='lat' dir='ltr'>occurrit</span> <span class='ocrx_word' id='word_1_167' title='bbox 1027 1989 1110 2027; x_wconf 78' lang='lat' dir='ltr'>apud</span> <span class='ocrx_word' id='word_1_168' title='bbox 1125 1989 1255 2019; x_wconf 84' lang='lat' dir='ltr'>seriores</span> <span class='ocrx_word' id='word_1_169' title='bbox 1269 1988 1312 2018; x_wconf 87' lang='lat' dir='ltr'>la-</span> 
     </span>
     <span class='ocr_line' id='line_1_34' title="bbox 187 2037 1013 2073; baseline 0 -6"><span class='ocrx_word' id='word_1_170' title='bbox 187 2040 268 2068; x_wconf 79' lang='lat' dir='ltr'>tinos</span> <span class='ocrx_word' id='word_1_171' title='bbox 291 2039 395 2068; x_wconf 73' lang='lat' dir='ltr'>MART.</span> <span class='ocrx_word' id='word_1_172' title='bbox 419 2038 595 2073; x_wconf 77' lang='lat' dir='ltr'>CAPELLAM,</span> <span class='ocrx_word' id='word_1_173' title='bbox 619 2038 779 2067; x_wconf 63' lang='lat' dir='ltr'>Aaevmvm</span> <span class='ocrx_word' id='word_1_174' title='bbox 801 2039 833 2068; x_wconf 84' lang='lat' dir='ltr'>et</span> <span class='ocrx_word' id='word_1_175' title='bbox 854 2037 1013 2067; x_wconf 69' lang='lat' dir='ltr'>Avnmvn.</span> 
     </span>
    </p>
   </div>
   <div class='ocr_carea' id='block_1_9' title="bbox 251 2092 684 2129">
    <p class='ocr_par' dir='ltr' id='par_1_16' title="bbox 251 2092 684 2129">
     <span class='ocr_line' id='line_1_35' title="bbox 251 2092 684 2129; baseline 0.002 -8"><span class='ocrx_word' id='word_1_176' title='bbox 251 2092 296 2129; x_wconf 83' lang='lat'>(3)</span> <span class='ocrx_word' id='word_1_177' title='bbox 319 2092 503 2121; x_wconf 76' lang='lat' dir='ltr'>renerarz&#39;er</span> <span class='ocrx_word' id='word_1_178' title='bbox 523 2099 684 2129; x_wconf 81' lang='lat' dir='ltr'>paragoge.</span> 
     </span>
    </p>
   </div>
  </div>
 </body>
</html>
