1502 2537
347 122 456 159 ΙΙΕΡΙ
483 123 743 160 ΣΤΕΦΑΝΩΝ
772 132 923 160 nnnws
951 133 988 160 ιν
1180 123 1254 161 119

292 243 447 283 Ossibus
474 245 571 282 altar
597 246 634 283 et
660 244 893 293 impositum:
921 245 980 294 (1)

292 297 365 335 Illa
393 298 459 335 Dei
486 298 559 336 sita
586 298 655 336 sub
680 298 833 346 pedibus

291 350 471 398 Prospicit
498 351 601 398 haec,
630 351 852 399 populosque
880 362 965 389 suos

290 403 457 441 Carmine
484 403 682 452 propitiata
708 403 819 442 fovet.
1178 406 1252 442 ⁴215

0 535 21 616 T}
669 557 725 597 1v

228 646 398 684 PASSIO
427 647 595 685 DECEM
623 647 685 685 ΕΤ
714 647 837 686 oo'ro
867 648 1152 688 MARTYRVM

0 703 8 744 ἔ
395 711 999 751 CAESARAVGVSTANORVM

129 833 198 860 Prae
216 834 316 860 ceteris
335 834 484 867 Hispaniae
504 834 617 859 urbibus
649 834 766 866 patriam
793 834 1046 867 Caesaraugustam.
1073 844 1153 868 quam
1174 838 1253 863 vocat

0 867 9 910 f
163 877 255 900 suam,
275 869 463 903 duodeviginti
484 870 634 902 Martyrum
654 869 791 896 relliouiis
810 870 935 900 ditatam„
950 871 1086 899 celebrat:
1109 880 1123 896 a
1138 880 1252 903 qnorum

0 914 3 919 ’
163 906 255 931 tamen
267 912 379 931 numero
399 905 575 931 leem-nvn
596 904 719 931 indidem
737 905 882 931 oriundum
896 905 1015 937 quidem.
1037 906 1086 932 sed
1107 907 1253 933 Valentia«,

164 940 300 973 supplicio
318 940 458 971 affectum.
479 942 561 973 atque
583 940 725 974 Virginem
747 940 945 972 Encnnmnn,
968 942 1114 973 (munem
1134 945 1163 968 et
1183 944 1253 969 Cns-

165 983 298 1003 unvnvu
312 975 428 1009 exeipit.

285 1064 351 1103 Bis
377 1076 509 1103 novem
534 1066 659 1103 noster
685 1065 842 1113 populus
870 1066 938 1104 sub
965 1078 1037 1104 uno

233 1118 438 1167 Martyrum
464 1119 588 1156 servat
614 1118 754 1157 cineres
781 1118 969 1166 sepulcro:

233 1172 566 1220 Caesaraugustam
593 1171 797 1210 vocitamus
825 1172 964 1218 urbem,
998 1173 1056 1221 (2)

549 1225 622 1276 Res
649 1225 709 1262 eui
735 1226 842 1263 tanta
870 1227 938 1263 est.

285 1282 401 1320 Plena
428 1294 645 1331 magnorum
674 1283 802 1322 domus
830 1284 1056 1332 Angelorum
1227 1288 1248 1324 5

231 1336 317 1374 Non
344 1336 450 1374 timet
476 1337 604 1374 mundi
631 1336 776 1384 fragilis
802 1337 965 1384 ruinam,

231 1390 301 1427 Tot
326 1389 411 1427 sinu
437 1391 590 1437 gestans
617 1389 728 1427 simul
755 1390 936 1427 offerenda

549 1443 703 1482 Munera
732 1443 891 1482 Christe.

190 1542 234 1581 (1)
259 1541 390 1572 Ossibus
403 1541 495 1570 altar
508 1545 537 1570 et
553 1543 749 1580 impositum.
777 1541 900 1571 Altaria
923 1542 997 1572 olim
1012 1542 1248 1580 imponebantur

125 1583 211 1619 locis,
235 1583 285 1612 ubi
301 1591 407 1612 sacrae
427 1583 587 1619 relliquiae
601 1583 653 1613 SS.
670 1587 838 1620 martyrum
856 1586 1097 1614 asservarentur.
1124 1585 1158 1614 V.
1176 1585 1248 1615 Car-

125 1624 220 1655 dinal.
243 1624 354 1654 [omn.
375 1624 500 1659 Romu.
517 1625 639 1653 Rerum
654 1624 916 1661 Lituryicarum,
940 1625 995 1654 lib.
1018 1625 1044 1659 Ι,
1069 1635 1096 1655 c.
1120 1634 1185 1656 xrx.
1210 1642 1248 1648 —

126 1667 237 1700 Alear,
260 1673 345 1702 apoc.
368 1673 423 1702 pro
444 1665 554 1695 altare.
578 1665 614 1696 V.
631 1668 662 1694 et
679 1665 782 1703 hymn.
799 1666 828 1696 S.
848 1666 1000 1695 vincentii
1017 1667 1109 1696 Mart.
1128 1676 1156 1696 v.
1176 1668 1246 1697 515.

126 1707 225 1736 Verba
246 1709 348 1736 autem
371 1706 432 1735 illa
455 1707 514 1735 Dei
535 1707 600 1736 sita
621 1706 679 1736 sub
695 1706 844 1745 pedibus,
868 1710 989 1744 poetam
1019 1716 1124 1737 revera
1153 1708 1245 1738 Deum

126 1748 151 1778 Ι.
184 1748 339 1778 Christum
366 1748 398 1777 in
424 1747 622 1777 Eucharistia
643 1748 806 1778 credidisse
833 1749 927 1778 inesse
953 1748 1173 1782 demonstrant,
1203 1750 1246 1778 mi

123 1789 237 1819 elarius
252 1791 383 1818 mentem
397 1797 482 1818 suam
496 1789 630 1819 ostendit
644 1789 676 1818 in
687 1790 822 1819 carmine
834 1789 872 1818 ad
884 1788 1023 1819 honorem
1035 1790 1066 1820 S.
1085 1790 1247 1826 vincentii,

124 1833 217 1868 atque
231 1829 402 1868 Hyppoliti.

189 1883 234 1920 (2)
256 1883 562 1919 Caesarauqustam,
585 1881 656 1912 olim
678 1882 854 1918 Saldubam,
877 1891 954 1911 nunc
981 1883 1179 1920 Saraqoem,
1194 1883 1247 1912 Hi-

125 1924 250 1962 spaniae
271 1924 503 1953 Tarraconensis
526 1924 627 1953 urbem
661 1924 700 1953 ad
722 1924 840 1953 Iberum
864 1924 908 1958 fl..
939 1932 1015 1959 quae
1044 1924 1246 1954 Romanorum

125 1965 245 1995 colonia
266 1965 340 1999 fuit,
363 1965 410 1994 ita
432 1965 646 2000 cognominata
674 1965 713 1994 ab
742 1965 910 1994 Octaviano
938 1965 1064 1995 Caesare
1092 1966 1246 2002 Augusto;

126 2014 275 2043 quaeque,
290 2006 357 2036 sine
377 2006 551 2036 firmissimo
573 2009 678 2036 tamen
701 2006 908 2042 fundamento,
931 2007 1034 2044 patria
1056 2005 1154 2036 fertur
1174 2007 1247 2036 Pru-

125 2047 225 2078 dentii
245 2047 355 2078 uosui.
