1502 2537
399 131 405 136 -
460 118 746 149 “mammon
774 119 925 147 nnnws
952 119 1006 148 m
1245 109 1294 147 69

379 235 448 271 Sed
475 234 645 272 verticem
673 234 781 272 Pueri
810 245 920 281 supra

327 287 478 335 Signum
507 287 678 335 pependit
704 287 914 333 imminens,

328 341 518 388 Pronaque
546 341 767 378 submissum
795 340 872 378 face

327 394 445 440 Caput
473 396 656 431 sacratum
683 393 856 440 prodidit.
1246 393 1294 429 00

380 446 511 483 Videre
539 447 634 493 quod
663 448 853 494 postquam
884 445 1001 493 Magi,

329 500 405 536 an
433 501 604 546 promunt
631 511 796 544 munera,

327 552 508 599 Stratique
536 552 631 589 votis
659 552 814 590 offerunt

326 605 415 650 Tus,
446 605 645 652 myrrham,
676 607 713 642 et
739 617 867 642 aurum
897 605 1052 653 regium.

380 659 549 705 Agnosce
577 657 676 695 clara
705 657 869 705 insignia
1245 657 1294 694 65

325 711 484 749 Virtutis
512 722 554 748 ac
581 710 687 758 regni
713 711 782 756 tui,

329 764 425 802 Puer
452 775 487 808 ο,
517 763 575 801 cui
602 763 739 800 trinam
767 764 877 801 Pater

327 816 622 854 Praedestmavit
649 816 820 854 indolem.

379 871 516 917 Regem
544 870 730 916 Deumque
760 869 986 907 adnuntiant

325 923 534 960 Thesaurus
562 925 598 960 et
625 922 797 970 fragrans
826 923 912 960 odor
1247 922 1295 960 70

0 985 3 1019 ,¹
323 975 432 1013 Turis
459 975 611 1021 Sabaei,
642 987 685 1012 ac
712 976 902 1023 myrrheus
932 975 989 1025 (1)

0 1025 2 1031 '
327 1028 456 1066 Pulvis
484 1028 689 1075 sepulcrum
717 1029 920 1076 praedocet.

378 1081 472 1127 Hoc,
504 1081 571 1119 hoc
599 1081 803 1129 sepulcrum
833 1083 906 1129 (2),
938 1093 1008 1130 quo
1037 1082 1150 1127 Deus,

326 1134 424 1172 Dum
452 1145 582 1182 corpus
609 1134 777 1182 extingui
803 1134 908 1180 sinit,

324 1189 446 1236 Atque
475 1187 513 1225 id
541 1188 723 1235 sepultum
751 1187 920 1234 suscitat,
1247 1187 1294 1225 75

325 1240 456 1279 Mortis
483 1240 633 1288 refregit
659 1252 850 1278 carcerem.

380 1294 410 1332 Ο
439 1293 518 1332 sola
545 1305 764 1342 magnarum
791 1294 936 1332 urbium

325 1346 445 1384 Maior
474 1347 531 1395 (3)
561 1347 741 1393 Bethlem,
772 1347 831 1385 cui
859 1346 1017 1396 contigit

325 1400 463 1437 Ducem
490 1397 622 1437 salutis
649 1400 801 1438 caelitus
830 1399 888 1448 (4)

325 1453 602 1501 Incorporatum
629 1452 804 1501 gignere!
1246 1452 1296 1491 80

228 1598 275 1638 (1)
295 1600 344 1630 Δσ
353 1599 536 1638 myrrheus.
550 1598 643 1630 Godd.
656 1598 776 1630 Vaticc.
791 1599 919 1637 potioris
935 1599 1096 1635 momenti,
1111 1599 1143 1630 et
1160 1599 1294 1634 Wmn.;

166 1659 208 1670 —
228 1648 265 1676 at
283 1647 468 1686 myrrheus,
491 1645 557 1676 cod.
580 1646 742 1682 Oxonens..
767 1656 786 1677 a
807 1654 865 1683 quo
887 1655 945 1676 non
967 1647 1093 1676 recessit
1113 1646 1295 1677 Cenumvs.

229 1699 274 1737 (2)
297 1699 368 1736 hoc,
390 1700 446 1729 hoc
460 1699 657 1738 sepulcrum.
674 1699 747 1730 eod.
763 1699 894 1730 Putean.
912 1716 950 1721 —
967 1700 1024 1729 hoc
1037 1703 1083 1729 est
1096 1699 1295 1738 sepulcrum,

166 1745 289 1777 Vaticc.
311 1746 375 1777 fere
395 1755 509 1782 omneS‚
532 1748 565 1777 et
587 1747 756 1777 Werrzlvs.
778 1747 837 1776 Pro
859 1747 991 1776 Puteani
1007 1747 1073 1776 cod.
1090 1747 1220 1777 lectione
1242 1755 1295 1784 pu-

167 1795 244 1831 gnat
263 1793 428 1830 Htmsrvs;
452 1794 504 1824 sed
525 1794 590 1824 sine
612 1803 705 1824 causa
737 1794 816 1824 male
849 1794 916 1824 vult
939 1794 1090 1831 Wzrrzm,
1115 1795 1163 1824 cui
1186 1794 1298 1832 prioris

165 1841 309 1872 lectionis
328 1841 383 1871 ina
403 1842 572 1878 geminatio
593 1841 660 1877 hoc,
683 1842 739 1871 hoc
761 1841 896 1879 placeat:
921 1844 969 1871 est
999 1842 1080 1871 enim
1113 1850 1132 1871 a
1163 1841 1296 1871 Pruden-

168 1889 258 1920 tiana
280 1889 433 1920 scribendi
456 1889 576 1919 ratione
596 1897 788 1926 nequaquam
811 1889 926 1919 aliena.

232 1941 278 1981 (3)
300 1942 425 1972 maior.-
447 1951 501 1980 pro
523 1942 683 1972 maxima.

233 1994 279 2033 (4)
302 1995 455 2025 caelitus:
489 1992 693 2040 οὐρανόθεν,
726 1994 899 2031 divinitus,
936 2002 953 2025 e
988 1993 1083 2025 caelo.
1112 1993 1297 2025 Adverbimn

169 2046 230 2079 est,
258 2042 336 2079 quod
358 2043 390 2072 in
414 2051 524 2072 aureae
546 2043 660 2072 aetatis
680 2041 882 2080 scriptoribus
903 2048 963 2071 non
984 2040 1168 2071 invenImus.
