<?xml version="1.0" encoding="UTF-8"?>
<!DOCTYPE html PUBLIC "-//W3C//DTD XHTML 1.0 Transitional//EN"
    "http://www.w3.org/TR/xhtml1/DTD/xhtml1-transitional.dtd">
<html xmlns="http://www.w3.org/1999/xhtml" xml:lang="en" lang="en">
 <head>
  <title>
</title>
<meta http-equiv="Content-Type" content="text/html;charset=utf-8" />
  <meta name='ocr-system' content='tesseract 3.04.00' />
  <meta name='ocr-capabilities' content='ocr_page ocr_carea ocr_par ocr_line ocrx_word'/>
</head>
<body>
  <div class='ocr_page' id='page_1' title='image "./operapru01pruduoft_0283.png"; bbox 0 0 1502 2537; ppageno 0'>
   <div class='ocr_carea' id='block_1_1' title="bbox 333 152 1222 187">
    <p class='ocr_par' dir='ltr' id='par_1_1' title="bbox 333 152 1222 187">
     <span class='ocr_line' id='line_1_1' title="bbox 333 152 1222 187; baseline 0 -3"><span class='ocrx_word' id='word_1_1' title='bbox 333 153 441 184; x_wconf 63' lang='lat' dir='ltr'>mavi</span> <span class='ocrx_word' id='word_1_2' title='bbox 471 152 726 186; x_wconf 58' lang='lat' dir='ltr'>z&#39;l&#39;EQAMess</span> <span class='ocrx_word' id='word_1_3' title='bbox 760 160 912 187; x_wconf 69' lang='lat' dir='ltr'>nrnnvs</span> <span class='ocrx_word' id='word_1_4' title='bbox 939 159 1004 186; x_wconf 85' lang='lat' dir='ltr'>x1n</span> <span class='ocrx_word' id='word_1_5' title='bbox 1153 153 1222 184; x_wconf 70' lang='lat'>24.</span> 
     </span>
    </p>
   </div>
   <div class='ocr_carea' id='block_1_2' title="bbox 501 307 837 346">
    <p class='ocr_par' dir='ltr' id='par_1_2' title="bbox 501 307 837 346">
     <span class='ocr_line' id='line_1_2' title="bbox 501 307 837 346; baseline 0.003 -1"><span class='ocrx_word' id='word_1_6' title='bbox 501 307 650 346; x_wconf 83' lang='grc' dir='ltr'>ΗΥΜΝ</span> <span class='ocrx_word' id='word_1_7' title='bbox 655 308 712 346; x_wconf 92' lang='lat' dir='ltr'>VS</span> <span class='ocrx_word' id='word_1_8' title='bbox 740 309 837 346; x_wconf 90' lang='lat' dir='ltr'>XIII</span> 
     </span>
    </p>
   </div>
   <div class='ocr_carea' id='block_1_3' title="bbox 271 394 1074 499">
    <p class='ocr_par' dir='ltr' id='par_1_3' title="bbox 271 394 1074 499">
     <span class='ocr_line' id='line_1_3' title="bbox 271 394 1074 434; baseline 0 -2"><span class='ocrx_word' id='word_1_9' title='bbox 271 394 440 433; x_wconf 87' lang='lat' dir='ltr'>PASSIO</span> <span class='ocrx_word' id='word_1_10' title='bbox 469 396 513 433; x_wconf 87' lang='lat' dir='ltr'>B.</span> <span class='ocrx_word' id='word_1_11' title='bbox 546 397 791 434; x_wconf 85' lang='lat' dir='ltr'>CYPRIANI</span> <span class='ocrx_word' id='word_1_12' title='bbox 820 396 1074 434; x_wconf 69' lang='lat' dir='ltr'>MARTYIMS</span> 
     </span>
     <span class='ocr_line' id='line_1_4' title="bbox 314 459 1032 499; baseline 0.001 -2"><span class='ocrx_word' id='word_1_13' title='bbox 314 459 541 498; x_wconf 87' lang='lat' dir='ltr'>EPISCOPI</span> <span class='ocrx_word' id='word_1_14' title='bbox 570 461 1032 499; x_wconf 80' lang='lat' dir='ltr'>CARTHAGINIENSIS</span> 
     </span>
    </p>
   </div>
   <div class='ocr_carea' id='block_1_4' title="bbox 103 581 1231 950">
    <p class='ocr_par' dir='ltr' id='par_1_4' title="bbox 103 581 1231 950">
     <span class='ocr_line' id='line_1_5' title="bbox 103 581 1230 622; baseline 0 -9"><span class='ocrx_word' id='word_1_15' title='bbox 103 581 202 614; x_wconf 67' lang='lat' dir='ltr'>Poeta</span> <span class='ocrx_word' id='word_1_16' title='bbox 224 584 348 613; x_wconf 88' lang='lat' dir='ltr'>initium</span> <span class='ocrx_word' id='word_1_17' title='bbox 370 585 469 613; x_wconf 87' lang='lat' dir='ltr'>sumit</span> <span class='ocrx_word' id='word_1_18' title='bbox 491 593 509 613; x_wconf 95' lang='lat' dir='ltr'>a</span> <span class='ocrx_word' id='word_1_19' title='bbox 533 585 566 614; x_wconf 89' lang='lat' dir='ltr'>B.</span> <span class='ocrx_word' id='word_1_20' title='bbox 591 584 734 622; x_wconf 78' lang='lat' dir='ltr'>Cypriam</span> <span class='ocrx_word' id='word_1_21' title='bbox 759 584 899 613; x_wconf 79' lang='lat' dir='ltr'>doctrina</span> <span class='ocrx_word' id='word_1_22' title='bbox 921 586 1013 620; x_wconf 80' lang='lat' dir='ltr'>atque</span> <span class='ocrx_word' id='word_1_23' title='bbox 1046 584 1230 619; x_wconf 77' lang='lat' dir='ltr'>eloquentia.</span> 
     </span>
     <span class='ocr_line' id='line_1_6' title="bbox 146 625 1230 662; baseline -0.001 -8"><span class='ocrx_word' id='word_1_24' title='bbox 146 625 256 662; x_wconf 84' lang='lat' dir='ltr'>quibus</span> <span class='ocrx_word' id='word_1_25' title='bbox 277 633 384 654; x_wconf 89' lang='lat' dir='ltr'>nomen</span> <span class='ocrx_word' id='word_1_26' title='bbox 408 625 556 661; x_wconf 79' lang='lat' dir='ltr'>decusque</span> <span class='ocrx_word' id='word_1_27' title='bbox 574 625 745 655; x_wconf 74' lang='lat' dir='ltr'><strong>immortale</strong></span> <span class='ocrx_word' id='word_1_28' title='bbox 770 634 825 654; x_wconf 92' lang='lat' dir='ltr'>nou</span> <span class='ocrx_word' id='word_1_29' title='bbox 851 626 880 654; x_wconf 92' lang='lat' dir='ltr'>in</span> <span class='ocrx_word' id='word_1_30' title='bbox 904 625 1009 655; x_wconf 74' lang='lat' dir='ltr'>Africa</span> <span class='ocrx_word' id='word_1_31' title='bbox 1032 626 1165 657; x_wconf 75' lang='lat' dir='ltr'>tantum.</span> <span class='ocrx_word' id='word_1_32' title='bbox 1181 625 1230 654; x_wconf 84' lang='lat' dir='ltr'>sed</span> 
     </span>
     <span class='ocr_line' id='line_1_7' title="bbox 144 666 1230 704; baseline -0.001 -9"><span class='ocrx_word' id='word_1_33' title='bbox 144 675 198 704; x_wconf 86' lang='lat' dir='ltr'>per</span> <span class='ocrx_word' id='word_1_34' title='bbox 218 673 321 695; x_wconf 85' lang='lat' dir='ltr'>omnes</span> <span class='ocrx_word' id='word_1_35' title='bbox 342 667 510 695; x_wconf 67' lang='lat' dir='ltr'>occidentis</span> <span class='ocrx_word' id='word_1_36' title='bbox 527 667 650 704; x_wconf 84' lang='lat' dir='ltr'>populos</span> <span class='ocrx_word' id='word_1_37' title='bbox 672 667 730 696; x_wconf 87' lang='lat' dir='ltr'>sibi</span> <span class='ocrx_word' id='word_1_38' title='bbox 756 666 839 696; x_wconf 73' lang='lat' dir='ltr'>fecit.</span> <span class='ocrx_word' id='word_1_39' title='bbox 865 667 910 695; x_wconf 77' lang='lat' dir='ltr'>Ad</span> <span class='ocrx_word' id='word_1_40' title='bbox 933 666 1230 701; x_wconf 64' lang='lat' dir='ltr'>Carthaginiensium</span> 
     </span>
     <span class='ocr_line' id='line_1_8' title="bbox 146 707 1231 745; baseline -0.001 -9"><span class='ocrx_word' id='word_1_41' title='bbox 146 708 361 745; x_wconf 70' lang='lat' dir='ltr'>pontificatum</span> <span class='ocrx_word' id='word_1_42' title='bbox 384 710 533 741; x_wconf 72' lang='lat' dir='ltr'>evectum,</span> <span class='ocrx_word' id='word_1_43' title='bbox 551 709 641 737; x_wconf 70' lang='lat' dir='ltr'>officii</span> <span class='ocrx_word' id='word_1_44' title='bbox 664 708 711 736; x_wconf 86' lang='lat' dir='ltr'>sui</span> <span class='ocrx_word' id='word_1_45' title='bbox 728 711 831 744; x_wconf 78' lang='lat' dir='ltr'>partes</span> <span class='ocrx_word' id='word_1_46' title='bbox 848 707 1020 744; x_wconf 75' lang='lat' dir='ltr'>implevisse</span> <span class='ocrx_word' id='word_1_47' title='bbox 1033 708 1231 741; x_wconf 78' lang='lat' dir='ltr'>demonstrat,</span> 
     </span>
     <span class='ocr_line' id='line_1_9' title="bbox 144 748 1227 786; baseline -0.001 -9"><span class='ocrx_word' id='word_1_48' title='bbox 144 748 233 786; x_wconf 85' lang='lat' dir='ltr'>plane</span> <span class='ocrx_word' id='word_1_49' title='bbox 247 750 282 778; x_wconf 87' lang='lat' dir='ltr'>ut</span> <span class='ocrx_word' id='word_1_50' title='bbox 293 749 403 778; x_wconf 83' lang='lat' dir='ltr'>ceteris</span> <span class='ocrx_word' id='word_1_51' title='bbox 417 750 446 777; x_wconf 95' lang='lat' dir='ltr'>in</span> <span class='ocrx_word' id='word_1_52' title='bbox 459 749 628 786; x_wconf 79' lang='lat' dir='ltr'>exemplum</span> <span class='ocrx_word' id='word_1_53' title='bbox 654 749 802 778; x_wconf 77' lang='lat' dir='ltr'>illuxerit.</span> <span class='ocrx_word' id='word_1_54' title='bbox 821 749 1022 785; x_wconf 79' lang='lat' dir='ltr'>Proporanter</span> <span class='ocrx_word' id='word_1_55' title='bbox 1038 749 1102 777; x_wconf 83' lang='lat' dir='ltr'>eius</span> <span class='ocrx_word' id='word_1_56' title='bbox 1114 751 1227 784; x_wconf 71' lang='lat' dir='ltr'>marty-</span> 
     </span>
     <span class='ocr_line' id='line_1_10' title="bbox 145 790 1230 827; baseline -0.002 -8"><span class='ocrx_word' id='word_1_57' title='bbox 145 790 225 819; x_wconf 90' lang='lat' dir='ltr'>rium</span> <span class='ocrx_word' id='word_1_58' title='bbox 248 790 396 820; x_wconf 83' lang='lat' dir='ltr'>excurrit:</span> <span class='ocrx_word' id='word_1_59' title='bbox 420 794 453 819; x_wconf 79' lang='lat' dir='ltr'>et</span> <span class='ocrx_word' id='word_1_60' title='bbox 476 790 506 818; x_wconf 88' lang='lat' dir='ltr'>in</span> <span class='ocrx_word' id='word_1_61' title='bbox 529 791 614 819; x_wconf 78' lang='lat' dir='ltr'>exitu</span> <span class='ocrx_word' id='word_1_62' title='bbox 637 790 783 819; x_wconf 80' lang='lat' dir='ltr'>carminis</span> <span class='ocrx_word' id='word_1_63' title='bbox 799 790 916 827; x_wconf 77' lang='lat' dir='ltr'>scripta</span> <span class='ocrx_word' id='word_1_64' title='bbox 937 790 1074 819; x_wconf 71' lang='lat' dir='ltr'>Atricani</span> <span class='ocrx_word' id='word_1_65' title='bbox 1097 790 1230 826; x_wconf 75' lang='lat' dir='ltr'>episcopi</span> 
     </span>
     <span class='ocr_line' id='line_1_11' title="bbox 144 830 1231 869; baseline -0.001 -9"><span class='ocrx_word' id='word_1_66' title='bbox 144 830 303 869; x_wconf 82' lang='lat' dir='ltr'>praeclara</span> <span class='ocrx_word' id='word_1_67' title='bbox 325 830 423 860; x_wconf 84' lang='lat' dir='ltr'>denuo</span> <span class='ocrx_word' id='word_1_68' title='bbox 456 830 596 860; x_wconf 79' lang='lat' dir='ltr'>laudibus</span> <span class='ocrx_word' id='word_1_69' title='bbox 629 831 776 860; x_wconf 81' lang='lat' dir='ltr'>cumulat.</span> <span class='ocrx_word' id='word_1_70' title='bbox 802 831 912 860; x_wconf 74' lang='lat' dir='ltr'>Versus</span> <span class='ocrx_word' id='word_1_71' title='bbox 941 830 1144 860; x_wconf 79' lang='lat' dir='ltr'>archilochius</span> <span class='ocrx_word' id='word_1_72' title='bbox 1173 832 1231 865; x_wconf 76' lang='lat' dir='ltr'>est,</span> 
     </span>
     <span class='ocr_line' id='line_1_12' title="bbox 142 871 1227 907; baseline -0.001 -6"><span class='ocrx_word' id='word_1_73' title='bbox 142 871 263 901; x_wconf 79' lang='lat' dir='ltr'>scilicet</span> <span class='ocrx_word' id='word_1_74' title='bbox 284 874 464 902; x_wconf 75' lang='lat' dir='ltr'>tetrametro</span> <span class='ocrx_word' id='word_1_75' title='bbox 487 872 621 901; x_wconf 88' lang='lat' dir='ltr'>bucolico</span> <span class='ocrx_word' id='word_1_76' title='bbox 642 874 674 901; x_wconf 85' lang='lat' dir='ltr'>et</span> <span class='ocrx_word' id='word_1_77' title='bbox 696 872 795 902; x_wconf 85' lang='lat' dir='ltr'>tribus</span> <span class='ocrx_word' id='word_1_78' title='bbox 819 871 971 902; x_wconf 78' lang='lat' dir='ltr'>trochaeis</span> <span class='ocrx_word' id='word_1_79' title='bbox 994 874 1137 901; x_wconf 81' lang='lat' dir='ltr'>constans</span> <span class='ocrx_word' id='word_1_80' title='bbox 1152 894 1159 907; x_wconf 86' lang='lat'>‚</span> <span class='ocrx_word' id='word_1_81' title='bbox 1187 877 1227 901; x_wconf 81' lang='lat' dir='ltr'>to-</span> 
     </span>
     <span class='ocr_line' id='line_1_13' title="bbox 143 913 742 950; baseline -0.002 -7"><span class='ocrx_word' id='word_1_82' title='bbox 143 914 253 950; x_wconf 76' lang='lat' dir='ltr'>tusque</span> <span class='ocrx_word' id='word_1_83' title='bbox 275 913 312 943; x_wconf 85' lang='lat' dir='ltr'>ad</span> <span class='ocrx_word' id='word_1_84' title='bbox 335 913 523 950; x_wconf 83' lang='lat' dir='ltr'>gravitatem</span> <span class='ocrx_word' id='word_1_85' title='bbox 546 913 742 950; x_wconf 85' lang='lat' dir='ltr'>compositus.</span> 
     </span>
    </p>
   </div>
   <div class='ocr_carea' id='block_1_5' title="bbox 101 1024 1230 1287">
    <p class='ocr_par' dir='ltr' id='par_1_5' title="bbox 101 1024 1230 1232">
     <span class='ocr_line' id='line_1_14' title="bbox 102 1024 1230 1075; baseline -0.002 -11"><span class='ocrx_word' id='word_1_86' title='bbox 102 1024 246 1064; x_wconf 81' lang='lat' dir='ltr'>Punica</span> <span class='ocrx_word' id='word_1_87' title='bbox 273 1026 372 1063; x_wconf 83' lang='lat' dir='ltr'>terra</span> <span class='ocrx_word' id='word_1_88' title='bbox 399 1025 500 1072; x_wconf 80' lang='lat' dir='ltr'>tulit,</span> <span class='ocrx_word' id='word_1_89' title='bbox 523 1036 594 1073; x_wconf 87' lang='lat' dir='ltr'>quo</span> <span class='ocrx_word' id='word_1_90' title='bbox 624 1025 684 1075; x_wconf 92' lang='lat'>(1)</span> <span class='ocrx_word' id='word_1_91' title='bbox 714 1025 904 1073; x_wconf 80' lang='lat' dir='ltr'>splendeat</span> <span class='ocrx_word' id='word_1_92' title='bbox 922 1036 1026 1063; x_wconf 86' lang='lat' dir='ltr'>omne</span> <span class='ocrx_word' id='word_1_93' title='bbox 1055 1025 1230 1073; x_wconf 85' lang='lat' dir='ltr'>quidquid</span> 
     </span>
     <span class='ocr_line' id='line_1_15' title="bbox 101 1079 1228 1180; baseline -0.002 -10"><span class='ocrx_word' id='word_1_94' title='bbox 101 1131 194 1170; x_wconf 87' lang='lat' dir='ltr'>Inde</span> <span class='ocrx_word' id='word_1_95' title='bbox 205 1131 308 1170; x_wconf 88' lang='lat' dir='ltr'>domo</span> <span class='ocrx_word' id='word_1_96' title='bbox 320 1131 380 1180; x_wconf 80' lang='lat'>(2)</span> <span class='ocrx_word' id='word_1_97' title='bbox 392 1131 626 1177; x_wconf 69' lang='lat' dir='ltr'>CYPMANVM,</span> <span class='ocrx_word' id='word_1_98' title='bbox 641 1131 704 1169; x_wconf 81' lang='lat' dir='ltr'>sed</span> <span class='ocrx_word' id='word_1_99' title='bbox 715 1131 824 1169; x_wconf 84' lang='lat' dir='ltr'>decus</span> <span class='ocrx_word' id='word_1_100' title='bbox 835 1131 933 1169; x_wconf 87' lang='lat' dir='ltr'>orbis</span> <span class='ocrx_word' id='word_1_101' title='bbox 947 1079 1228 1178; x_wconf 41' lang='lat' dir='ltr'>eaumqaugiffirgffis</span> 
     </span>
     <span class='ocr_line' id='line_1_16' title="bbox 101 1184 1201 1232; baseline -0.002 -10"><span class='ocrx_word' id='word_1_102' title='bbox 101 1184 170 1222; x_wconf 80' lang='lat' dir='ltr'>Est</span> <span class='ocrx_word' id='word_1_103' title='bbox 194 1184 362 1232; x_wconf 87' lang='lat' dir='ltr'>proprius</span> <span class='ocrx_word' id='word_1_104' title='bbox 379 1184 518 1232; x_wconf 86' lang='lat' dir='ltr'>patriae</span> <span class='ocrx_word' id='word_1_105' title='bbox 539 1186 692 1232; x_wconf 86' lang='lat' dir='ltr'>martyr,</span> <span class='ocrx_word' id='word_1_106' title='bbox 714 1185 776 1222; x_wconf 87' lang='lat' dir='ltr'>sed</span> <span class='ocrx_word' id='word_1_107' title='bbox 796 1196 915 1222; x_wconf 86' lang='lat' dir='ltr'>amore</span> <span class='ocrx_word' id='word_1_108' title='bbox 935 1186 970 1222; x_wconf 84' lang='lat' dir='ltr'>et</span> <span class='ocrx_word' id='word_1_109' title='bbox 989 1195 1047 1222; x_wconf 86' lang='lat' dir='ltr'>ore</span> <span class='ocrx_word' id='word_1_110' title='bbox 1067 1185 1201 1221; x_wconf 84' lang='lat' dir='ltr'>noster.</span> 
     </span>
    </p>

    <p class='ocr_par' dir='ltr' id='par_1_6' title="bbox 101 1233 1227 1287">
     <span class='ocr_line' id='line_1_17' title="bbox 101 1233 1227 1287; baseline -0.001 -12"><span class='ocrx_word' id='word_1_111' title='bbox 101 1236 260 1276; x_wconf 84' lang='lat' dir='ltr'>Incubat</span> <span class='ocrx_word' id='word_1_112' title='bbox 271 1233 317 1276; x_wconf 82' lang='lat' dir='ltr'>in&#39;</span> <span class='ocrx_word' id='word_1_113' title='bbox 326 1237 443 1286; x_wconf 86' lang='lat' dir='ltr'>Libya</span> <span class='ocrx_word' id='word_1_114' title='bbox 458 1237 612 1286; x_wconf 82' lang='lat' dir='ltr'>sanguis</span> <span class='ocrx_word' id='word_1_115' title='bbox 628 1238 686 1287; x_wconf 87' lang='lat'>(3)</span> <span class='ocrx_word' id='word_1_116' title='bbox 703 1252 712 1283; x_wconf 83' lang='lat'>3</span> <span class='ocrx_word' id='word_1_117' title='bbox 735 1237 797 1275; x_wconf 88' lang='lat' dir='ltr'>sed</span> <span class='ocrx_word' id='word_1_118' title='bbox 813 1237 945 1286; x_wconf 88' lang='lat' dir='ltr'>ubique</span> <span class='ocrx_word' id='word_1_119' title='bbox 960 1237 1088 1286; x_wconf 83' lang='lat' dir='ltr'>lingua</span> <span class='ocrx_word' id='word_1_120' title='bbox 1103 1237 1227 1284; x_wconf 84' lang='lat' dir='ltr'>pollet:</span> 
     </span>
    </p>
   </div>
   <div class='ocr_carea' id='block_1_6' title="bbox 100 1347 1227 1426">
    <p class='ocr_par' dir='ltr' id='par_1_7' title="bbox 100 1347 1227 1426">
     <span class='ocr_line' id='line_1_18' title="bbox 163 1347 1227 1387; baseline -0.001 -9"><span class='ocrx_word' id='word_1_121' title='bbox 163 1347 211 1387; x_wconf 94' lang='lat' dir='ltr'>(l)</span> <span class='ocrx_word' id='word_1_122' title='bbox 233 1349 363 1379; x_wconf 81' lang='lat' dir='ltr'>Punica</span> <span class='ocrx_word' id='word_1_123' title='bbox 385 1351 486 1384; x_wconf 80' lang='lat' dir='ltr'>terra,</span> <span class='ocrx_word' id='word_1_124' title='bbox 502 1357 563 1387; x_wconf 84' lang='lat' dir='ltr'>quo</span> <span class='ocrx_word' id='word_1_125' title='bbox 577 1349 638 1378; x_wconf 78' lang='lat' dir='ltr'>etc.</span> <span class='ocrx_word' id='word_1_126' title='bbox 656 1348 687 1379; x_wconf 91' lang='lat' dir='ltr'>S.</span> <span class='ocrx_word' id='word_1_127' title='bbox 705 1348 862 1378; x_wconf 68' lang='lat' dir='ltr'>Pavmnvs</span> <span class='ocrx_word' id='word_1_128' title='bbox 885 1349 960 1379; x_wconf 67' lang='lat' dir='ltr'>Not..</span> <span class='ocrx_word' id='word_1_129' title='bbox 985 1348 1017 1377; x_wconf 91' lang='lat' dir='ltr'>in</span> <span class='ocrx_word' id='word_1_130' title='bbox 1040 1347 1153 1378; x_wconf 79' lang='lat' dir='ltr'>Natal.</span> <span class='ocrx_word' id='word_1_131' title='bbox 1172 1347 1227 1380; x_wconf 88' lang='lat' dir='ltr'>XI,</span> 
     </span>
     <span class='ocr_line' id='line_1_19' title="bbox 100 1389 605 1426; baseline 0.004 -8"><span class='ocrx_word' id='word_1_132' title='bbox 100 1397 133 1419; x_wconf 82' lang='lat' dir='ltr'>v.</span> <span class='ocrx_word' id='word_1_133' title='bbox 157 1389 212 1419; x_wconf 87' lang='lat'>141</span> <span class='ocrx_word' id='word_1_134' title='bbox 237 1391 270 1419; x_wconf 84' lang='lat' dir='ltr'>et</span> <span class='ocrx_word' id='word_1_135' title='bbox 290 1397 375 1426; x_wconf 81' lang='lat' dir='ltr'>seqq.</span> <span class='ocrx_word' id='word_1_136' title='bbox 400 1389 473 1420; x_wconf 86' lang='lat' dir='ltr'>haec</span> <span class='ocrx_word' id='word_1_137' title='bbox 496 1390 605 1420; x_wconf 84' lang='lat' dir='ltr'>habet:</span> 
     </span>
    </p>
   </div>
   <div class='ocr_carea' id='block_1_7' title="bbox 225 1441 1079 1562">
    <p class='ocr_par' dir='ltr' id='par_1_8' title="bbox 225 1441 1079 1562">
     <span class='ocr_line' id='line_1_20' title="bbox 226 1441 1062 1480; baseline -0.001 -8"><span class='ocrx_word' id='word_1_138' title='bbox 226 1452 242 1469; x_wconf 71' lang='grc' dir='ltr'><strong>α</strong></span> <span class='ocrx_word' id='word_1_139' title='bbox 267 1441 309 1472; x_wconf 84' lang='lat' dir='ltr'>Et</span> <span class='ocrx_word' id='word_1_140' title='bbox 329 1442 482 1478; x_wconf 78' lang='lat' dir='ltr'>Carthago</span> <span class='ocrx_word' id='word_1_141' title='bbox 504 1444 611 1480; x_wconf 85' lang='lat' dir='ltr'>potens</span> <span class='ocrx_word' id='word_1_142' title='bbox 632 1442 782 1480; x_wconf 78' lang='lat' dir='ltr'>Cypriane</span> <span class='ocrx_word' id='word_1_143' title='bbox 805 1443 941 1479; x_wconf 80' lang='lat' dir='ltr'>martyro</span> <span class='ocrx_word' id='word_1_144' title='bbox 964 1442 1062 1476; x_wconf 84' lang='lat' dir='ltr'>floret,</span> 
     </span>
     <span class='ocr_line' id='line_1_21' title="bbox 227 1483 1079 1521; baseline -0.001 -8"><span class='ocrx_word' id='word_1_145' title='bbox 227 1493 244 1510; x_wconf 84' lang='lat'><strong>»</strong></span> <span class='ocrx_word' id='word_1_146' title='bbox 265 1483 358 1514; x_wconf 89' lang='lat' dir='ltr'>Cuius</span> <span class='ocrx_word' id='word_1_147' title='bbox 379 1488 412 1513; x_wconf 79' lang='lat' dir='ltr'>et</span> <span class='ocrx_word' id='word_1_148' title='bbox 432 1492 485 1513; x_wconf 82' lang='lat' dir='ltr'>ore</span> <span class='ocrx_word' id='word_1_149' title='bbox 506 1484 597 1513; x_wconf 87' lang='lat' dir='ltr'>simul</span> <span class='ocrx_word' id='word_1_150' title='bbox 619 1484 733 1521; x_wconf 80' lang='lat' dir='ltr'>profusi</span> <span class='ocrx_word' id='word_1_151' title='bbox 757 1487 790 1513; x_wconf 84' lang='lat' dir='ltr'>et</span> <span class='ocrx_word' id='word_1_152' title='bbox 810 1484 958 1519; x_wconf 88' lang='lat' dir='ltr'>sanguine</span> <span class='ocrx_word' id='word_1_153' title='bbox 981 1483 1079 1512; x_wconf 78' lang='lat' dir='ltr'>fontes</span> 
     </span>
     <span class='ocr_line' id='line_1_22' title="bbox 225 1524 1018 1562; baseline -0.001 -9"><span class='ocrx_word' id='word_1_154' title='bbox 225 1534 242 1552; x_wconf 83' lang='lat'><strong>«</strong></span> <span class='ocrx_word' id='word_1_155' title='bbox 266 1524 537 1555; x_wconf 85' lang='lat' dir='ltr'>Foecundaverunt</span> <span class='ocrx_word' id='word_1_156' title='bbox 559 1525 672 1562; x_wconf 71' lang='lat' dir='ltr'>Lybiae</span> <span class='ocrx_word' id='word_1_157' title='bbox 695 1525 834 1554; x_wconf 83' lang='lat' dir='ltr'>sitientis</span> <span class='ocrx_word' id='word_1_158' title='bbox 856 1533 975 1554; x_wconf 84' lang='lat' dir='ltr'>arenas.</span> <span class='ocrx_word' id='word_1_159' title='bbox 1002 1534 1018 1551; x_wconf 87' lang='lat'>&gt;›</span> 
     </span>
    </p>
   </div>
   <div class='ocr_carea' id='block_1_8' title="bbox 102 1575 1229 1738">
    <p class='ocr_par' dir='ltr' id='par_1_9' title="bbox 102 1575 1229 1738">
     <span class='ocr_line' id='line_1_23' title="bbox 165 1575 1226 1614; baseline -0.001 -8"><span class='ocrx_word' id='word_1_160' title='bbox 165 1575 209 1614; x_wconf 79' lang='lat'>(2)</span> <span class='ocrx_word' id='word_1_161' title='bbox 231 1576 310 1606; x_wconf 78' lang='lat' dir='ltr'>Inde</span> <span class='ocrx_word' id='word_1_162' title='bbox 331 1576 434 1606; x_wconf 82' lang='lat' dir='ltr'>domo.</span> <span class='ocrx_word' id='word_1_163' title='bbox 458 1577 569 1606; x_wconf 88' lang='lat' dir='ltr'>Domus</span> <span class='ocrx_word' id='word_1_164' title='bbox 591 1585 645 1614; x_wconf 88' lang='lat' dir='ltr'>per</span> <span class='ocrx_word' id='word_1_165' title='bbox 659 1577 780 1614; x_wconf 83' lang='lat' dir='ltr'>synecd.</span> <span class='ocrx_word' id='word_1_166' title='bbox 806 1578 852 1605; x_wconf 81' lang='lat' dir='ltr'>est</span> <span class='ocrx_word' id='word_1_167' title='bbox 877 1576 993 1614; x_wconf 84' lang='lat' dir='ltr'>patria.</span> <span class='ocrx_word' id='word_1_168' title='bbox 1024 1576 1115 1606; x_wconf 73' lang='lat' dir='ltr'>Vino.</span> <span class='ocrx_word' id='word_1_169' title='bbox 1146 1578 1226 1606; x_wconf 77' lang='lat' dir='ltr'>Aen.</span> 
     </span>
     <span class='ocr_line' id='line_1_24' title="bbox 103 1616 1229 1656; baseline 0.001 -10"><span class='ocrx_word' id='word_1_170' title='bbox 103 1616 187 1653; x_wconf 83' lang='lat' dir='ltr'>VIII,</span> <span class='ocrx_word' id='word_1_171' title='bbox 211 1617 288 1648; x_wconf 86' lang='lat'>114:</span> <span class='ocrx_word' id='word_1_172' title='bbox 312 1627 329 1645; x_wconf 71' lang='grc' dir='ltr'><strong>α</strong></span> <span class='ocrx_word' id='word_1_173' title='bbox 354 1619 417 1655; x_wconf 83' lang='lat' dir='ltr'>Qui</span> <span class='ocrx_word' id='word_1_174' title='bbox 445 1619 570 1656; x_wconf 72' lang='lat' dir='ltr'>qenus?</span> <span class='ocrx_word' id='word_1_175' title='bbox 608 1618 695 1648; x_wconf 82' lang='lat' dir='ltr'>Unde</span> <span class='ocrx_word' id='word_1_176' title='bbox 728 1618 840 1646; x_wconf 78' lang='lat' dir='ltr'>domo?</span> <span class='ocrx_word' id='word_1_177' title='bbox 865 1628 882 1644; x_wconf 87' lang='lat'><strong>»</strong></span> <span class='ocrx_word' id='word_1_178' title='bbox 910 1618 1098 1655; x_wconf 80' lang='lat' dir='ltr'>Quamquam</span> <span class='ocrx_word' id='word_1_179' title='bbox 1132 1626 1189 1647; x_wconf 89' lang='lat' dir='ltr'>non</span> <span class='ocrx_word' id='word_1_180' title='bbox 1213 1627 1229 1647; x_wconf 87' lang='lat' dir='ltr'>e</span> 
     </span>
     <span class='ocr_line' id='line_1_25' title="bbox 102 1658 1226 1695; baseline 0.001 -8"><span class='ocrx_word' id='word_1_181' title='bbox 102 1658 214 1695; x_wconf 77' lang='lat' dir='ltr'>punica</span> <span class='ocrx_word' id='word_1_182' title='bbox 227 1660 312 1688; x_wconf 71' lang='lat' dir='ltr'>terra</span> <span class='ocrx_word' id='word_1_183' title='bbox 328 1659 464 1688; x_wconf 84' lang='lat' dir='ltr'>nonnulli</span> <span class='ocrx_word' id='word_1_184' title='bbox 479 1659 667 1689; x_wconf 76' lang='lat' dir='ltr'>contendunt</span> <span class='ocrx_word' id='word_1_185' title='bbox 681 1660 781 1688; x_wconf 81' lang='lat' dir='ltr'>ortum</span> <span class='ocrx_word' id='word_1_186' title='bbox 798 1658 953 1693; x_wconf 84' lang='lat' dir='ltr'>habuisse,</span> <span class='ocrx_word' id='word_1_187' title='bbox 976 1659 1007 1687; x_wconf 89' lang='lat' dir='ltr'>in</span> <span class='ocrx_word' id='word_1_188' title='bbox 1030 1659 1140 1694; x_wconf 86' lang='lat' dir='ltr'>quibus</span> <span class='ocrx_word' id='word_1_189' title='bbox 1160 1667 1226 1688; x_wconf 87' lang='lat' dir='ltr'>eru-</span> 
     </span>
     <span class='ocr_line' id='line_1_26' title="bbox 102 1699 875 1738; baseline 0 -10"><span class='ocrx_word' id='word_1_190' title='bbox 102 1699 162 1729; x_wconf 85' lang='lat' dir='ltr'>diti</span> <span class='ocrx_word' id='word_1_191' title='bbox 185 1699 328 1729; x_wconf 77' lang='lat' dir='ltr'>Mnnun</span> <span class='ocrx_word' id='word_1_192' title='bbox 351 1700 526 1730; x_wconf 75' lang='lat' dir='ltr'>coenobitae</span> <span class='ocrx_word' id='word_1_193' title='bbox 548 1701 579 1729; x_wconf 90' lang='lat' dir='ltr'>in</span> <span class='ocrx_word' id='word_1_194' title='bbox 607 1701 680 1729; x_wconf 83' lang='lat' dir='ltr'>Vita</span> <span class='ocrx_word' id='word_1_195' title='bbox 703 1700 875 1738; x_wconf 77' lang='lat' dir='ltr'>Cypriani.</span> 
     </span>
    </p>
   </div>
   <div class='ocr_carea' id='block_1_9' title="bbox 99 1756 1229 2125">
    <p class='ocr_par' dir='ltr' id='par_1_10' title="bbox 99 1756 1229 2125">
     <span class='ocr_line' id='line_1_27' title="bbox 165 1756 1226 1796; baseline 0 -9"><span class='ocrx_word' id='word_1_196' title='bbox 165 1756 212 1796; x_wconf 88' lang='lat'>(3)</span> <span class='ocrx_word' id='word_1_197' title='bbox 228 1757 370 1789; x_wconf 68' lang='lat' dir='ltr'>incubat.</span> <span class='ocrx_word' id='word_1_198' title='bbox 394 1758 454 1787; x_wconf 66' lang='lat' dir='ltr'>etc.</span> <span class='ocrx_word' id='word_1_199' title='bbox 472 1758 617 1795; x_wconf 86' lang='lat' dir='ltr'>Martyris</span> <span class='ocrx_word' id='word_1_200' title='bbox 638 1758 778 1793; x_wconf 84' lang='lat' dir='ltr'>exuviae,</span> <span class='ocrx_word' id='word_1_201' title='bbox 801 1758 873 1787; x_wconf 89' lang='lat' dir='ltr'>dum</span> <span class='ocrx_word' id='word_1_202' title='bbox 890 1757 964 1787; x_wconf 88' lang='lat' dir='ltr'>haec</span> <span class='ocrx_word' id='word_1_203' title='bbox 985 1759 1110 1787; x_wconf 80' lang='lat' dir='ltr'>caneret</span> <span class='ocrx_word' id='word_1_204' title='bbox 1125 1760 1226 1795; x_wconf 69' lang='lat' dir='ltr'>poeta,</span> 
     </span>
     <span class='ocr_line' id='line_1_28' title="bbox 101 1798 1229 1836; baseline 0 -8"><span class='ocrx_word' id='word_1_205' title='bbox 101 1798 182 1828; x_wconf 86' lang='lat' dir='ltr'>domi</span> <span class='ocrx_word' id='word_1_206' title='bbox 206 1807 318 1835; x_wconf 78' lang='lat' dir='ltr'>magna</span> <span class='ocrx_word' id='word_1_207' title='bbox 339 1808 407 1828; x_wconf 90' lang='lat' dir='ltr'>cum</span> <span class='ocrx_word' id='word_1_208' title='bbox 431 1799 575 1835; x_wconf 83' lang='lat' dir='ltr'>religione</span> <span class='ocrx_word' id='word_1_209' title='bbox 597 1799 851 1832; x_wconf 73' lang='lat' dir='ltr'>asservabanturz</span> <span class='ocrx_word' id='word_1_210' title='bbox 875 1799 925 1828; x_wconf 86' lang='lat' dir='ltr'>sed</span> <span class='ocrx_word' id='word_1_211' title='bbox 949 1801 1017 1836; x_wconf 81' lang='lat' dir='ltr'>post</span> <span class='ocrx_word' id='word_1_212' title='bbox 1032 1798 1229 1828; x_wconf 79' lang='lat' dir='ltr'>barbarorum</span> 
     </span>
     <span class='ocr_line' id='line_1_29' title="bbox 102 1839 1227 1877; baseline -0.001 -7"><span class='ocrx_word' id='word_1_213' title='bbox 102 1840 134 1870; x_wconf 83' lang='lat' dir='ltr'>in</span> <span class='ocrx_word' id='word_1_214' title='bbox 143 1839 279 1869; x_wconf 76' lang='lat' dir='ltr'>Africam</span> <span class='ocrx_word' id='word_1_215' title='bbox 292 1840 502 1877; x_wconf 83' lang='lat' dir='ltr'>impressiones</span> <span class='ocrx_word' id='word_1_216' title='bbox 510 1840 664 1876; x_wconf 83' lang='lat' dir='ltr'>neglectae</span> <span class='ocrx_word' id='word_1_217' title='bbox 677 1839 871 1876; x_wconf 77' lang='lat' dir='ltr'>incultaeque</span> <span class='ocrx_word' id='word_1_218' title='bbox 883 1839 934 1868; x_wconf 86' lang='lat' dir='ltr'>diu</span> <span class='ocrx_word' id='word_1_219' title='bbox 949 1840 1118 1870; x_wconf 79' lang='lat' dir='ltr'>iacuerunt.</span> <span class='ocrx_word' id='word_1_220' title='bbox 1129 1839 1227 1870; x_wconf 79' lang='lat' dir='ltr'>Caroli</span> 
     </span>
     <span class='ocr_line' id='line_1_30' title="bbox 100 1879 1229 1919; baseline 0 -9"><span class='ocrx_word' id='word_1_221' title='bbox 100 1880 207 1917; x_wconf 70' lang='lat' dir='ltr'>Magni</span> <span class='ocrx_word' id='word_1_222' title='bbox 222 1881 316 1917; x_wconf 82' lang='lat' dir='ltr'>legati</span> <span class='ocrx_word' id='word_1_223' title='bbox 339 1890 376 1911; x_wconf 87' lang='lat' dir='ltr'>ea</span> <span class='ocrx_word' id='word_1_224' title='bbox 389 1881 456 1910; x_wconf 81' lang='lat' dir='ltr'>loca</span> <span class='ocrx_word' id='word_1_225' title='bbox 478 1882 688 1919; x_wconf 73' lang='lat' dir='ltr'>peragrantes,</span> <span class='ocrx_word' id='word_1_226' title='bbox 705 1880 850 1918; x_wconf 82' lang='lat' dir='ltr'>Cypriani</span> <span class='ocrx_word' id='word_1_227' title='bbox 870 1881 1026 1916; x_wconf 82' lang='lat' dir='ltr'>relliquias</span> <span class='ocrx_word' id='word_1_228' title='bbox 1041 1879 1179 1910; x_wconf 81' lang='lat' dir='ltr'>detectas</span> <span class='ocrx_word' id='word_1_229' title='bbox 1191 1882 1229 1910; x_wconf 89' lang='lat' dir='ltr'>ab</span> 
     </span>
     <span class='ocr_line' id='line_1_31' title="bbox 100 1921 1226 1959; baseline -0.001 -7"><span class='ocrx_word' id='word_1_230' title='bbox 100 1921 219 1952; x_wconf 72' lang='lat' dir='ltr'>Amne</span> <span class='ocrx_word' id='word_1_231' title='bbox 242 1922 400 1952; x_wconf 75' lang='lat' dir='ltr'>Persarum</span> <span class='ocrx_word' id='word_1_232' title='bbox 423 1930 494 1958; x_wconf 85' lang='lat' dir='ltr'>rege</span> <span class='ocrx_word' id='word_1_233' title='bbox 517 1923 778 1959; x_wconf 79' lang='lat' dir='ltr'>impetraverunt:</span> <span class='ocrx_word' id='word_1_234' title='bbox 812 1930 888 1958; x_wconf 82' lang='lat' dir='ltr'>quae</span> <span class='ocrx_word' id='word_1_235' title='bbox 911 1921 1064 1951; x_wconf 75' lang='lat' dir='ltr'>Arelatem</span> <span class='ocrx_word' id='word_1_236' title='bbox 1081 1922 1226 1959; x_wconf 78' lang='lat' dir='ltr'>primum,</span> 
     </span>
     <span class='ocr_line' id='line_1_32' title="bbox 99 1962 1227 2000; baseline 0.002 -8"><span class='ocrx_word' id='word_1_237' title='bbox 99 1962 208 1993; x_wconf 78' lang='lat' dir='ltr'>deinde</span> <span class='ocrx_word' id='word_1_238' title='bbox 224 1963 403 1999; x_wconf 86' lang='lat' dir='ltr'>Lugdunum</span> <span class='ocrx_word' id='word_1_239' title='bbox 424 1965 498 1992; x_wconf 86' lang='lat' dir='ltr'>sunt</span> <span class='ocrx_word' id='word_1_240' title='bbox 513 1963 645 1996; x_wconf 80' lang='lat' dir='ltr'>inlatae:</span> <span class='ocrx_word' id='word_1_241' title='bbox 672 1963 794 1992; x_wconf 86' lang='lat' dir='ltr'>tandein</span> <span class='ocrx_word' id='word_1_242' title='bbox 814 1971 893 1997; x_wconf 77' lang='lat' dir='ltr'>vero.</span> <span class='ocrx_word' id='word_1_243' title='bbox 911 1962 1017 1993; x_wconf 84' lang='lat' dir='ltr'>Carolo</span> <span class='ocrx_word' id='word_1_244' title='bbox 1033 1963 1227 2000; x_wconf 65' lang='lat' dir='ltr'>imperawre.</span> 
     </span>
     <span class='ocr_line' id='line_1_33' title="bbox 100 2003 1225 2041; baseline -0.001 -7"><span class='ocrx_word' id='word_1_245' title='bbox 100 2004 148 2034; x_wconf 85' lang='lat' dir='ltr'>eui</span> <span class='ocrx_word' id='word_1_246' title='bbox 169 2012 277 2034; x_wconf 89' lang='lat' dir='ltr'>nomen</span> <span class='ocrx_word' id='word_1_247' title='bbox 301 2005 362 2034; x_wconf 81' lang='lat' dir='ltr'>fuit</span> <span class='ocrx_word' id='word_1_248' title='bbox 383 2004 480 2034; x_wconf 79' lang='lat' dir='ltr'>Calvo</span> <span class='ocrx_word' id='word_1_249' title='bbox 502 2005 548 2034; x_wconf 86' lang='lat' dir='ltr'>uti</span> <span class='ocrx_word' id='word_1_250' title='bbox 579 2006 687 2034; x_wconf 87' lang='lat' dir='ltr'>narrat</span> <span class='ocrx_word' id='word_1_251' title='bbox 722 2003 785 2033; x_wconf 83' lang='lat' dir='ltr'>Ado</span> <span class='ocrx_word' id='word_1_252' title='bbox 809 2003 987 2033; x_wconf 85' lang='lat' dir='ltr'>Viennensis</span> <span class='ocrx_word' id='word_1_253' title='bbox 1023 2003 1225 2041; x_wconf 65' lang='lat' dir='ltr'>Martyrologi</span> 
     </span>
     <span class='ocr_line' id='line_1_34' title="bbox 101 2044 1227 2083; baseline 0.001 -9"><span class='ocrx_word' id='word_1_254' title='bbox 101 2045 245 2082; x_wconf 71' lang='lat' dir='ltr'>vulgat..</span> <span class='ocrx_word' id='word_1_255' title='bbox 271 2046 301 2075; x_wconf 90' lang='lat' dir='ltr'>in</span> <span class='ocrx_word' id='word_1_256' title='bbox 323 2045 471 2076; x_wconf 79' lang='lat' dir='ltr'>coenobio</span> <span class='ocrx_word' id='word_1_257' title='bbox 486 2045 641 2083; x_wconf 82' lang='lat' dir='ltr'>palatino,</span> <span class='ocrx_word' id='word_1_258' title='bbox 664 2044 702 2074; x_wconf 85' lang='lat' dir='ltr'>ad</span> <span class='ocrx_word' id='word_1_259' title='bbox 724 2045 843 2074; x_wconf 85' lang='lat' dir='ltr'>Isaram</span> <span class='ocrx_word' id='word_1_260' title='bbox 868 2045 898 2075; x_wconf 85' lang='lat' dir='ltr'>fl.</span> <span class='ocrx_word' id='word_1_261' title='bbox 923 2044 1101 2082; x_wconf 83' lang='lat' dir='ltr'>Compendii</span> <span class='ocrx_word' id='word_1_262' title='bbox 1124 2045 1227 2082; x_wconf 87' lang='lat' dir='ltr'>(hodie</span> 
     </span>
     <span class='ocr_line' id='line_1_35' title="bbox 101 2086 975 2125; baseline -0.002 -9"><span class='ocrx_word' id='word_1_263' title='bbox 101 2086 303 2125; x_wconf 69' lang='lat' dir='ltr'>eompieqne)</span> <span class='ocrx_word' id='word_1_264' title='bbox 326 2089 479 2122; x_wconf 79' lang='lat' dir='ltr'>extructo,</span> <span class='ocrx_word' id='word_1_265' title='bbox 502 2095 590 2124; x_wconf 84' lang='lat' dir='ltr'>penes</span> <span class='ocrx_word' id='word_1_266' title='bbox 615 2086 797 2122; x_wconf 69' lang='lat' dir='ltr'>v³.·=·¹eliees,</span> <span class='ocrx_word' id='word_1_267' title='bbox 823 2086 975 2121; x_wconf 81' lang='lat' dir='ltr'>quievere.</span> 
     </span>
    </p>
   </div>
   <div class='ocr_carea' id='block_1_10' title="bbox 139 2160 1156 2194">
    <p class='ocr_par' dir='ltr' id='par_1_11' title="bbox 139 2160 1156 2194">
     <span class='ocr_line' id='line_1_36' title="bbox 139 2160 1156 2194; baseline -0.002 -5"><span class='ocrx_word' id='word_1_268' title='bbox 139 2160 174 2189; x_wconf 85' lang='grc' dir='ltr'>Δ.</span> <span class='ocrx_word' id='word_1_269' title='bbox 193 2161 349 2190; x_wconf 68' lang='lat' dir='ltr'>Pavonum</span> <span class='ocrx_word' id='word_1_270' title='bbox 372 2161 468 2194; x_wconf 82' lang='lat' dir='ltr'>Opera.</span> <span class='ocrx_word' id='word_1_271' title='bbox 1124 2161 1156 2188; x_wconf 84' lang='grc'>16</span> 
     </span>
    </p>
   </div>
  </div>
 </body>
</html>
