1502 2610
227 551 233 556 ,
299 508 551 556 Quaecumque
580 519 646 546 nos
673 508 808 545 inflant
834 507 946 551 mala,

431 183 715 212 cA‘ruzunnmon
743 183 894 211 arms
921 183 950 211 11
1034 223 1036 225 ,
1241 173 1265 210 9

300 295 374 335 eeu
401 296 632 342 dormientes,
663 295 826 344 egimus:

299 349 527 397 Vigilemus3
559 349 618 387 hic
645 350 702 387 est
728 348 877 386 veritas.

352 404 509 449 Aurum,
539 402 720 450 voluptas,
750 401 940 449 gaudium,

301 454 413 503 Opes,
443 455 611 499 honores,
642 466 827 503 prospera,

300 561 362 599 Fit
387 573 517 607 mane,
548 561 601 599 nil
630 563 718 599 sunt
744 560 879 598 omnia.

351 614 421 661 Tu,
453 613 608 660 Christe,
639 625 805 652 somnum
833 613 973 657 disiice,

299 667 355 705 Tu
381 679 506 714 rumpe
534 667 652 705 noctis
679 667 848 704 vincula:

299 720 355 757 Tu
381 719 480 758 solve
507 722 694 767 peccatum
722 721 842 766 vetus,

298 773 514 821 Novumquo
541 773 664 810 lumen
694 772 832 821 ingere.
1190 771 1266 808 100

679 913 722 952 II

432 1003 644 1043 HYMNVS
672 1003 966 1042 MATVTINVS

141 1127 248 1158 Noctis
269 1127 405 1158 tenebris
426 1127 572 1166 depulsis,
597 1128 630 1157 et
651 1126 818 1163 affulgente
841 1125 902 1156 iam
918 1125 978 1160 die,
996 1126 1049 1162 qui
1073 1126 1178 1155 omnia
1199 1126 1268 1155 luce

180 1183 236 1204 suu
247 1175 377 1212 detegit,
391 1174 548 1206 Christum
560 1175 639 1209 orat,
657 1174 704 1203 uti
716 1173 844 1204 coelesti
856 1182 910 1203 suo
922 1173 1040 1202 lumine
1054 1173 1155 1202 cordis
1167 1173 1266 1202 nostri

182 1222 325 1252 tenebras
353 1222 490 1260 permeet
516 1222 610 1258 atoue
638 1221 801 1255 discutiat,
825 1229 884 1258 quo
917 1229 994 1258 pura
1020 1222 1125 1249 mente
1155 1221 1267 1258 pioque

180 1269 274 1299 cantu
286 1269 367 1299 diem
379 1269 585 1307 auspicantes,
593 1269 694 1298 tutius
703 1268 778 1306 pede
790 1267 938 1297 inoffenso
946 1268 1048 1297 totum
1056 1267 1266 1296 traducamus.

351 1383 435 1421 Nox
460 1383 497 1420 et
522 1382 706 1428 tenebrae,
735 1382 772 1419 et
798 1381 925 1418 nubila

299 1435 460 1474 Confusa
487 1435 614 1472 mundi
641 1437 678 1472 et
702 1434 867 1480 turbida,

297 1489 377 1527 Lux
404 1489 532 1534 intrat,
562 1487 715 1526 albescit
740 1487 861 1535 polus,

299 1541 466 1580 Christus
492 1541 607 1587 venit,
639 1540 825 1579 discedite.

351 1594 478 1642 Caligo
503 1596 621 1632 terrae
647 1593 842 1640 scinditur,
1244 1593 1266 1630 5

298 1648 476 1686 Percussa
502 1646 590 1685 solis
616 1647 778 1695 spiculo;

298 1701 490 1748 Rebusque
516 1700 591 1738 iam
618 1700 715 1738 color
742 1699 836 1737 redit

296 1753 413 1793 Vultu
441 1753 595 1791 nitentis
623 1752 766 1791 sideris.

348 1806 407 1844 Sic
435 1807 561 1844 nostra
589 1817 672 1844 mox
699 1805 919 1853 obscuritas,

297 1859 522 1908 Fraudisque
549 1860 675 1907 pectus
702 1858 902 1905 conscium,
1218 1857 1267 1896 10

298 1912 431 1960 Ruptis
457 1913 632 1950 retectum
660 1912 833 1957 nubibus,

297 1966 489 2014 Regnante
516 1965 689 2013 pallescet
715 1966 790 2002 Deo
819 1963 895 2013 (1).

203 2059 248 2100 (1)
269 2061 421 2100 pallescet
441 2060 600 2099 pleraeque
615 2060 707 2091 editt.
723 2060 795 2090 Tres
810 2059 953 2090 Vaticani
977 2060 1009 2089 et
1034 2059 1179 2090 GISELm.
1195 2059 1264 2098 pfal-

139 2100 239 2133 lesaii.
