1450 2537
191 142 266 179 182
575 150 722 178 Avnssnn
750 148 947 178 annnwrn

348 266 440 311 Quid
470 266 564 302 iuter
593 276 676 301 aras
705 264 947 301 dissidentum
975 264 1167 302 numinum
1198 264 1257 314 (1)

301 321 410 355 Ιίιῒημν
439 318 650 365 agendum?
679 317 809 354 Martis
838 317 1094 363 indignabitur

298 374 445 408 ‹iss'ensa
472 371 603 416 virtus,
635 370 666 407 si
694 370 833 406 colatur
861 370 1034 408 Lemnius
1064 371 1139 420 (2).

303 424 451 461 lunonis
479 423 571 460 iram
601 424 659 470 (3)
690 423 837 467 sentiet,
868 423 1020 470 quisque
1048 426 1090 461 ut
1117 424 1223 461 deum

298 477 410 523 Signo
437 478 502 513 aut
529 476 661 513 sacello
689 476 910 513 consecrarit
937 476 1144 514 Herculem.
1243 476 1316 514 215

350 529 450 566 Dicis
481 529 555 577 (4),
585 528 737 566 licenter
765 528 854 566 haec
879 531 1004 575 poetas
1033 530 1183 578 fingere.

297 583 365 619 Sed
394 584 481 619 sunt
507 583 543 619 et
567 581 639 628 ipsi
667 581 806 619 talibus
835 582 1019 629 mysteriis

296 637 428 672 Tecum
456 635 589 672 dicati:
622 634 787 681 quodque
816 635 1040 680 describunt,
1071 635 1210 674 colunt.

297 689 351 725 Tu
379 699 442 725 cur
470 687 629 734 piaclum
656 689 735 724 tam
763 687 919 725 libenter
945 688 1119 726 lectitas?

299 742 369 778 Cur
396 741 435 778 in
462 740 632 786 theatris,
662 742 698 778 te
725 740 885 785 vidente,
918 740 954 778 id
981 741 1196 788 plauditur?
1244 742 1319 779 220

352 795 496 841 Cycnus
525 795 708 840 stuprator
738 793 796 842 (5)
825 795 952 841 peccat
979 794 1074 832 inter
1101 795 1259 842 pulpita,

298 847 416 884 Saltat
443 848 647 884 Tonantem
673 847 917 884 tauricornem
946 847 1089 892 ludius3

297 901 482 946 Spectator
510 900 640 937 horum
666 899 831 947 pontifex
859 911 1022 938 summus
1051 901 1169 947 sedes,

299 953 478 1000 Ridesque
506 954 542 990 et
568 953 661 1000 ipse,
691 964 758 990 nec
785 954 954 1000 negando
983 953 1107 1000 diluis,

297 1007 412 1051 Quum
442 1005 542 1043 fama
568 1006 666 1043 tanti
693 1006 879 1054 polluatur
907 1006 1084 1044 numinis.
1244 1007 1320 1043 225

352 1060 422 1097 Cur
449 1061 504 1105 tu,
537 1060 691 1105 sacrate,
721 1071 785 1106 per
813 1059 1012 1097 cachinnos
1041 1059 1190 1097 solveris

298 1113 415 1157 Quum
445 1124 481 1149 se
510 1112 682 1149 maritum
710 1112 821 1160 fingit
849 1112 1046 1150 Alcmenae
1075 1113 1191 1150 deus?
1221 1113 1279 1161 (6)

298 1165 470 1203 Meretrix
497 1165 647 1203 Adonin
675 1165 908 1203 vulneratum
936 1165 1081 1203 scenica

297 1218 509 1256 Libidinoso
535 1218 684 1266 plangit
711 1218 858 1256 adfectu
885 1218 1022 1265 palam.

297 1272 375 1310 Nec
401 1273 437 1309 te
464 1271 622 1319 lupanar
650 1271 818 1320 Cypridis
846 1273 994 1309 sanctae
1022 1273 1172 1309 movet?
1245 1272 1321 1309 230

255 1414 303 1453 (1)
325 1415 411 1443 inter
433 1423 513 1443 aras
534 1413 651 1443 dissid.
676 1414 806 1442 namin.
831 1413 865 1442 In
889 1412 1012 1442 Homeri
1042 1412 1226 1449 Virgiliique
1248 1415 1324 1450 poe-

192 1457 287 1487 matis
304 1455 373 1485 deos
388 1456 511 1485 mutuas
532 1455 707 1484 simultates
723 1455 804 1484 inter
818 1463 849 1484 se
864 1463 907 1488 se,
925 1455 1038 1491 iurgia,
1056 1454 1225 1483 discordias
1239 1462 1323 1484 exer-

192 1499 295 1528 centes
318 1497 468 1526 videmus.
493 1496 527 1525 V.
550 1496 581 1526 S.
606 1497 742 1526 Avcvsr.
766 1497 814 1526 De
836 1497 940 1525 utilit.
964 1496 1077 1525 Ieiunii
1100 1504 1175 1526 cvn.

256 1538 302 1577 (2)
324 1539 490 1569 Lemnius.
515 1538 667 1568 Vulcanus
689 1538 721 1567 in
743 1537 843 1567 insula
865 1538 977 1567 Lemno
1000 1537 1179 1566 honoratus.

256 1580 307 1620 (3)
329 1581 468 1610 Iunonis
499 1580 598 1608 iram.
623 1579 706 1617 Quod
738 1579 904 1614 Hercules,
938 1579 1064 1608 Iunonis
1085 1578 1259 1615 privignuS,
1286 1586 1324 1607 ox

194 1621 341 1652 Alcmena
362 1621 468 1658 pellice
491 1623 582 1650 natus
605 1620 676 1650 fuit.

257 1662 304 1701 (4)
328 1664 432 1693 Dicis.
458 1662 496 1691 V,
519 1663 552 1692 in
574 1662 652 1691 hanc
673 1670 736 1691 rem
752 1661 781 1691 S.
798 1661 931 1690 Avovs'r.
949 1662 996 1690 De
1020 1661 1117 1691 Civit.
1134 1661 1209 1696 Dei,
1231 1660 1273 1695 ΙΙ,
1291 1660 1322 1691 8.

273 1705 323 1741 (5)
349 1706 487 1742 Cycnus.
511 1704 650 1741 Iuppiter
663 1704 694 1732 in
717 1711 844 1740 cycnum
866 1711 1038 1732 conversus.
1064 1718 1103 1723 —
1125 1702 1240 1731 saltat.
1264 1702 1321 1732 Fa-

193 1746 296 1776 bulam
318 1746 432 1775 saltare
456 1745 573 1775 dicitur
595 1753 687 1781 quum
710 1744 793 1773 ludio
816 1753 882 1774 eam
905 1745 993 1780 gestu
1015 1747 1048 1773 et
1073 1744 1206 1780 corporis
1227 1743 1325 1772 totius

193 1789 279 1817 motu
301 1788 527 1824 repraesentat:
552 1787 599 1815 uti
621 1786 735 1815 nostris
756 1785 891 1815 moribus
920 1785 1103 1823 pantomimi
1125 1788 1157 1814 et
1177 1784 1325 1822 psaltriae

196 1830 294 1857 artem
316 1837 401 1856 suam
424 1828 624 1865 experiuntur
646 1828 677 1856 in
699 1827 849 1862 theatris,
874 1835 925 1856 eas
947 1826 1066 1856 fabulas
1089 1827 1225 1862 agentes,
1248 1832 1323 1861 quas

196 1879 214 1898 a
231 1869 347 1898 choreis
369 1870 514 1898 ducendis
537 1879 583 1897 un
598 1870 695 1898 Ballo
717 1868 859 1898 dicimus.
877 1884 916 1889 —
942 1868 1168 1901 Tandem-nis,
1191 1867 1324 1896 taurinis

195 1911 336 1939 cornibus
348 1911 527 1945 instructus:
541 1912 647 1946 estque
659 1910 843 1947 appositum,
856 1909 934 1945 quod
945 1909 1128 1939 Prudentius
1135 1908 1199 1938 Iovi
1212 1908 1326 1937 tribuit

196 1952 228 1981 in
250 1952 406 1980 taurinam
428 1952 568 1986 sormam,
592 1952 629 1981 ob
651 1951 789 1988 Europae
811 1958 944 1980 amorem
966 1951 1100 1988 turpiter
1122 1949 1298 1978 immutato.

259 1992 309 2031 (6)
331 2002 363 2022 se
384 1994 542 2022 maritum
563 1993 671 2031 finqit.
688 1992 817 2022 Plautus
832 1992 968 2021 fabulam
983 1991 1015 2021 in
1030 1999 1152 2021 scenam
1166 1989 1321 2025 traduxit,

196 2033 245 2063 cui
267 2042 373 2063 nomen
397 2035 472 2064 secit
492 2034 717 2072 Amphitruoni.
740 2034 798 2064 Sed
818 2033 965 2062 Romanis
987 2033 1066 2062 hauc
1088 2032 1322 2069 tragicocomae-

197 2075 279 2105 diam
301 2075 474 2113 plautinam
497 2076 587 2105 aiunt
606 2075 723 2105 minine
744 2075 920 2112 placuissse.
