1450 2537
1087 0 1089 2 ’
1139 0 1450 62 ''22†)Q.m

1273 33 1305 50 ”.“
1322 34 1370 53 ·¹„
1395 40 1399 42 ·

1355 51 1399 73 71·
1419 52 1423 63 ¹
1442 58 1450 71 ³

210 155 283 194 154
582 165 733 193 AVRELH
759 163 958 192 Pavum-1⁸11

417 281 474 318 Sic
504 281 672 319 Christus
701 280 830 318 sitiens
858 280 976 318 crucis
1005 280 1073 317 sub
1101 280 1191 317 hora

366 334 539 371 Oblatum
568 334 637 371 sibi
666 334 835 380 poculum
863 345 1053 379 recusans,

364 387 442 424 Nec
470 388 582 424 libare
611 387 752 433 volens,
783 386 880 424 sitim
909 386 1062 434 peregit.
1096 399 1118 420 »
1152 406 1194 413 -
1281 386 1331 423 60

417 440 567 477 Intrant
595 440 733 477 interea
760 440 880 477 locum
907 440 1063 477 rotunda
1085 439 1146 487 (1)

365 493 586 531 Conclusum
615 505 741 539 cavea,
772 493 924 530 madens
952 492 1112 530 ferarum

363 546 480 583 Multo
509 546 709 594 sanguine,
740 558 846 593 quem
874 546 973 584 furor
1001 546 1223 593 frequentat,

417 600 534 645 Quum
563 599 772 646 spectacula
799 601 1032 646 perstrepunt
1058 601 1224 645 cruenta,

364 654 418 689 Ac
447 653 531 690 vilis
560 652 745 699 gladiator
773 664 859 690 ense
888 653 977 690 duro
1279 652 1329 690 65

364 706 565 743 Percussus
593 706 706 751 cadit,
737 707 774 743 et
801 706 922 743 fremit
949 705 1132 752 voluptas.
1158 705 1216 754 (2)

416 759 489 796 Hic
518 759 730 796 flammante
758 771 862 807 pyra,
894 759 1000 807 niger
1028 759 1210 805 minister,

362 812 510 849 Ardens
539 812 756 859 supplicium
786 824 915 859 parare
943 813 1082 857 iussus,

366 866 577 903 Construxit
604 865 747 903 facibus
777 877 903 913 rogum
934 865 1126 912 supremis.

417 919 500 965 Qui,
532 919 618 956 dum
646 930 795 966 corpora
823 921 1054 956 concremata
1082 918 1206 965 solvit,
1284 919 1332 956 70

364 971 561 1010 Fer-ventes
590 972 735 1010 animas
764 983 884 1010 amore
912 972 1008 1010 lucis

363 1025 493 1062 Fracto
521 1026 676 1063 carceris
705 1025 888 1073 expediret
915 1028 1034 1063 antro.
1069 1025 1128 1074 (3)

418 1079 570 1116 Certant
597 1078 724 1116 officiis
752 1079 804 1126 pii
832 1079 998 1117 sodales:

363 1131 509 1170 Plantis
538 1132 786 1170 calceamenta
815 1132 1004 1170 dissolutis

364 1186 507 1223 Pronus
535 1185 722 1223 detrahere
750 1185 920 1223 studebat
946 1197 1056 1223 unus.
1087 1185 1146 1234 (4)
1283 1185 1331 1222 75

416 1239 484 1276 Sed
513 1240 663 1276 sanctus
692 1240 792 1276 vetat
819 1250 883 1276 ora
911 1239 1147 1276 Fvarvosvs

362 1292 552 1329 Inclinata
579 1291 716 1338 premi:
748 1306 838 1327 —‹<
855 1292 1052 1337 Facessite,
1084 1291 1219 1339 inquit,
1271 1290 1331 1340 (5)

363 1346 419 1382 Ne
447 1347 612 1383 nostram
640 1347 770 1393 gravet
799 1345 992 1392 obsequela
1020 1346 1187 1382 mortem.

203 1469 283 1497 rium
305 1476 336 1497 se
352 1468 420 1497 cibo
439 1469 654 1505 temperarent,
679 1468 717 1497 ab
739 1468 815 1497 hora
836 1476 916 1498 nona
938 1468 1019 1498 vesci
1039 1468 1165 1499 licebat.
1188 1467 1252 1499 cfr.
1273 1468 1332 1498 Lv-

204 1524 305 1545 novw.
329 1516 554 1545 Tuomssmvm
568 1516 708 1545 Tractat.
726 1516 773 1544 De
789 1516 940 1551 Ieiuniis,
960 1516 995 1545 P.
1012 1515 1039 1551 I,
1056 1516 1089 1546 C.
1106 1524 1175 1552 xrx,
1191 1517 1223 1546 et
1237 1515 1272 1546 P.
1288 1516 1332 1552 H,

203 1563 236 1593 C.
259 1571 317 1598 xv;
343 1563 431 1592 Card.
454 1564 580 1599 BONAM,
602 1564 650 1592 De
673 1564 787 1592 divina
808 1565 991 1600 Psalmod.,
1015 1564 1048 1595 C.
1072 1564 1103 1595 3.

267 1621 310 1659 (1)
334 1622 437 1651 locum
466 1622 608 1651 rotunda
631 1622 824 1652 Conclusam
850 1633 954 1655 cavea.
979 1622 1242 1661 Amphiteatrum‚
1275 1631 1333 1659 quo

203 1671 354 1706 martyres
376 1670 449 1699 feris
471 1670 648 1699 lancinandi
669 1671 925 1708 proponebantur.

267 1729 310 1767 (2)
333 1731 443 1766 fremit
475 1731 635 1768 voluptas.
670 1730 825 1761 Summam
860 1731 1050 1769 voluptatem
1083 1731 1178 1761 oeulis
1211 1731 1332 1762 romani

204 1776 388 1806 hauriebant
420 1786 436 1806 e
469 1777 673 1813 gladiatorum
702 1778 896 1815 spectaculis,
920 1779 1100 1816 praesertim
1121 1787 1192 1808 vero
1213 1787 1230 1808 e
1251 1778 1332 1807 ludis

203 1824 370 1860 bestiariis,
394 1825 445 1853 ubi
460 1824 630 1854 Christiani
647 1825 806 1862 pantheris
821 1825 1016 1862 leonibusque
1037 1825 1203 1855 devorandi
1217 1831 1330 1856 essent.

267 1884 311 1922 (3)
336 1884 486 1914 Carceris
507 1887 602 1914 antro
623 1884 806 1923 eoepediret:
829 1893 845 1914 e
860 1885 993 1922 eorporis
1005 1884 1134 1915 vinculis
1149 1883 1329 1914 exsolveret.

268 1943 311 1979 (4)
336 1953 433 1975 wius.
457 1943 545 1973 Hunc
560 1943 653 1973 fuisse
678 1943 890 1980 Augustalem‚
906 1952 998 1973 unum
1021 1943 1197 1981 quempiam
1218 1943 1255 1973 de
1276 1943 1331 1972 Le-

203 1991 349 2026 ctoribus,
372 2001 410 2021 ox
431 1993 522 2021 Actis
543 1992 686 2030 Martyr.
710 1993 876 2029 comparet.

267 2050 310 2088 (5)
341 2051 407 2080 Ora
438 2051 600 2080 inclinata
628 2052 760 2090 premi.-
787 2052 875 2081 vetat
907 2059 975 2080 eum
1007 2050 1099 2080 officii
1132 2049 1331 2086 obsequiique

204 2107 295 2127 eausa
317 2107 423 2136 corpus
445 2098 604 2130 inclinare.
