1502 2537
400 147 684 176 cA‘rnnnsnmon
714 147 863 174 nnmvs
892 147 927 173 ix
1176 136 1226 173 49

150 262 315 302 Fidimus
342 262 447 301 nobis
475 261 689 309 s01·2‚quod
715 260 855 299 dicatas
1179 261 1226 297 75

523 315 713 362 Caipimus
740 325 854 351 escas.

203 369 258 406 Sit
283 369 432 413 bonum,
463 368 611 415 supplex
639 378 775 414 precor,
806 370 841 403 et
869 366 1042 403 medelam

152 421 323 460 Conferat
348 421 532 466 membris,
561 420 794 467 animumque
821 422 949 466 pascat

150 475 304 522 Sparsus
333 474 370 512 in
399 486 511 512 venas
538 473 640 511 cibus
667 473 918 510 obsecrantum

520 526 829 565 Christicolarum.

629 652 682 689 IX

360 741 570 779 HYMNVS
599 740 756 779 OMNIS
786 740 959 779 HORAE

97 848 238 886 Hymnus
248 849 297 876 est
305 847 389 876 totus
402 846 432 875 in
446 845 566 875 laudem
580 845 794 883 Redemptoris
803 845 912 880 nostri,
923 845 1010 875 cuius
1024 845 1222 883 poetadupli-
1253 871 1256 874 .

138 903 202 924 cem
230 887 336 923 innuit
365 893 579 927 nativitatem,
609 893 765 922 aeternam
795 892 915 922 scilicet
941 894 973 921 et
1005 892 1218 930 temporalem.

140 940 297 971 Miraculis
325 939 480 970 nonnullis
508 939 624 970 Christi
657 940 915 974 commemoratis,
946 939 1126 977 praecipuus
1155 939 1222 968 eius

137 988 222 1018 vitae
243 995 292 1017 res
313 987 415 1024 gestas
437 987 607 1024 percenset,
632 994 708 1023 quas
731 985 928 1016 celebrandas
951 986 1107 1024 proponit.

150 1101 221 1146 Da,
251 1111 353 1148 puer,
383 1100 573 1147 plectrum,
604 1099 744 1137 choreis
772 1101 814 1136 ut
843 1111 972 1137 canam
1001 1099 1169 1138 fidelibus

98 1153 211 1192 Dulce
238 1164 383 1191 carmen
410 1154 447 1190 et
473 1152 668 1197 melodum,
699 1153 804 1200 gesta
834 1152 969 1190 Christi
996 1152 1182 1200 insignia:

98 1207 209 1245 Hunc
224 1207 404 1244 Camoena
420 1207 545 1243 nostra
565 1205 681 1243 solum
695 1207 849 1253 pangat,
871 1205 968 1243 hunc
987 1206 1110 1243 laudet
1124 1206 1216 1254 lyra.

150 1259 318 1298 Christus
359 1260 428 1304 est,
471 1270 576 1306 quem
619 1270 681 1296 rex
717 1258 884 1296 sacerdos
919 1258 977 1307 (1)
1009 1258 1219 1296 adfuturum

1037 1310 1220 1361 [protinus

97 1365 284 1404 Infulatus
310 1364 524 1403 concinebat
550 1375 650 1410 voce,
681 1364 830 1410 chorda,
861 1365 897 1401 et
923 1365 1111 1413 tympano,
1197 1367 1218 1402 5

96 1418 269 1466 Spiritum
298 1417 396 1456 caelo
424 1417 636 1455 influentem
664 1429 727 1464 per
754 1417 932 1455 medullas
959 1417 1146 1455 hauriens.

147 1471 263 1509 Facta
290 1482 371 1516 nos,
402 1472 439 1508 et
466 1470 539 1507 iam
567 1471 718 1517 probata
746 1470 942 1517 pangimus
969 1471 1172 1508 miracula:

95 1523 216 1562 Testis
244 1524 342 1561 orbis
368 1524 445 1568 est3
477 1534 543 1561 nec
571 1523 652 1570 ipsa
678 1525 774 1560 terra
803 1524 898 1570 quod
926 1523 1032 1568 vidit,
1064 1526 1190 1571 negat,

97 1576 307 1615 Comminus
335 1576 451 1614 Deum
480 1576 651 1614 docendis
678 1576 859 1623 proditum
887 1576 1115 1614 meitalibus.

149 1629 261 1667 Corde
276 1629 379 1666 fusus
395 1629 453 1675 (2)
469 1641 511 1666 ex
528 1629 697 1666 Parentis
713 1631 797 1666 ante
814 1629 940 1666 mundi
955 1629 1154 1676 exordium,
1167 1629 1215 1667 10

95 1682 221 1729 Alpha
248 1684 285 1719 et
312 1682 342 1722 Ω
371 1681 672 1729 cognominatus;
691 1681 768 1728 ipse
795 1681 876 1719 fons
904 1684 940 1719 et
960 1681 1133 1720 'clausula

97 1735 283 1781 Omnium,
319 1746 410 1782 quae
442 1736 543 1780 sunt,
583 1734 747 1780 fuerunt,
783 1746 944 1782 quaeque
977 1737 1061 1783 post
1096 1735 1220 1772 futura

1099 1787 1215 1839 [sunt.

159 1892 204 1931 (1)
226 1902 285 1922 rea:
305 1892 461 1922 sacerdos.
485 1892 594 1927 David,
618 1892 668 1928 qui
698 1892 737 1921 ab
760 1892 950 1921 Αιιισιιεκιο
978 1892 1079 1922 dictus
1094 1893 1141 1922 est
1163 1903 1179 1920 «
1197 1893 1216 1922 il

94 1933 209 1964 Cantor
229 1933 305 1963 dello
327 1934 444 1971 Spirito
465 1933 560 1964 Santo
584 1944 600 1960 »
625 1934 763 1969 (Par-ad.
786 1933 858 1968 XX,
883 1934 949 1971 38).

158 1986 202 2025 (2)
227 1988 345 2017 Fusus.
368 1987 477 2016 Hiems.
503 1986 525 2015 E
554 1986 708 2015 contrario
737 1986 900 2016 Grsumvs
921 1988 954 2016 et
976 1986 1147 2023 Wsirzlvs,
1170 1995 1217 2017 co-

94 2027 197 2058 dicum
217 2029 404 2058 auctoritate
424 2027 509 2063 freti,
533 2027 638 2064 legunt
659 2030 770 2058 natus.

129 2103 162 2130 A.
182 2102 340 2130 annnurn
362 2103 460 2137 opera.
1129 2103 1148 2130 4
