1502 2537
438 0 672 25 .·*rY‘'-‘·*V*'-‘¹'f
724 7 734 13 ·
752 0 753 3 ’

347 142 457 178 ΠΕΡΙ
485 142 742 180 ΣΊῈΦΑΝΩΝ
774 152 924 180 unitiva·
955 153 971 178 v
1182 143 1250 183 131

449 269 529 308 Nos
554 268 649 308 lucis
677 272 861 308 auctorem
893 272 1050 317 Patrem,

398 322 558 371 Eiusque
587 323 772 362 Christum
803 324 949 365 Filium.

401 376 471 422 Qui
499 376 598 415 solus
626 388 669 414 ac
696 388 803 414 verus
833 378 945 417 Deus.

398 429 571 475 Datiane‚
603 429 868 468 confitebimur.
901 444 922 464 >›
945 453 991 458 —
1208 432 1258 467 40

361 490 365 494 “
451 483 522 521 Hic
552 483 612 520 illo
641 483 713 520 iam
742 485 965 530 commotior,

399 556 448 564 —-
480 550 502 572 ‹<
532 537 718 582 Audesne,
751 548 824 575 non
852 537 953 583 felix,
985 539 1052 582 ait,

402 589 467 628 Ius
503 590 570 628 hoc
599 590 745 628 deorum
774 592 811 628 et
837 591 1043 639 principum

398 642 544 680 Violaro
573 643 692 682 verbis
720 644 888 692 asperis?

452 697 517 734 Ius
546 697 582 734 et
609 698 794 734 sacratum
824 699 859 735 ot
888 698 1088 744 publicum,
1208 698 1256 734 45

399 749 466 787 Cui
494 749 591 787 cedit
617 748 819 788 humanum
848 754 992 797 genus?

399 802 477 840 Nec
505 804 540 840 te
569 803 739 841 iuventae
767 803 926 841 fervidae

398 855 553 894 Instans
581 856 755 903 periclum
784 859 993 904 permovet?

451 908 532 946 Hoc
560 920 717 958 namquo
746 910 929 947 decretum
958 922 1069 957 capu:

398 963 476 1000 Aut
503 973 568 999 ara
595 967 675 1000 turc
703 965 739 1000 et
766 963 926 1010 caespite
957 964 1016 1011 (1)
1207 963 1255 1000 50

398 1015 610 1053 Praecanda
638 1016 710 1053 iam
739 1028 837 1053 nuuc
865 1019 921 1054 cst
947 1017 1029 1061 tibi,

398 1070 476 1107 Aut
502 1080 599 1106 mors
626 1068 762 1107 luenda
789 1071 845 1106 est
873 1070 1068 1118 sanguino.
1103 1084 1124 1104 »
1157 1091 1203 1096 —

450 1122 653 1169 Respondit
681 1122 743 1160 ille
772 1122 1014 1160 altrinsecus:

395 1196 450 1202 —
478 1189 501 1210 «
529 1177 611 1223 Age
639 1186 739 1223 ergo,
770 1176 947 1224 quidquid
976 1177 1122 1222 virium⁷

396 1228 580 1277 Quidquid
606 1229 800 1276 potestatis
827 1230 895 1267 tibi
922 1231 991 1275 est,
1209 1229 1257 1267 55

397 1281 528 1320 Palam
554 1281 726 1329 reluctor,
757 1294 892 1321 exsere.

447 1335 530 1373 Vox
555 1337 683 1373 nostra
711 1347 802 1384 quae
831 1337 892 1381 sit,
924 1336 1068 1383 accipe:

396 1389 466 1426 Est
493 1388 661 1427 Christus
689 1391 725 1427 et
753 1390 863 1427 Pater
891 1390 1014 1434 Dous3

396 1441 498 1480 Servi
524 1441 635 1480 huius
663 1443 700 1480 et
726 1443 838 1481 testes
867 1454 1015 1480 sumus:

395 1495 594 1543 Extorque,
626 1495 658 1533 si
686 1497 801 1543 potes,
831 1496 952 1534 fidem.
1207 1497 1256 1534 60

449 1548 658 1594 Tormenta,
690 1560 827 1595 carcer,
858 1549 1034 1596 ungulae,

395 1601 630 1649 Stridensque
660 1601 816 1640 flammis
844 1601 998 1648 lamina,
1032 1602 1090 1651 (2)

194 1700 240 1740 (1)
263 1711 326 1730 ara
349 1703 379 1730 et
399 1702 545 1739 caespite.
568 1701 744 1739 Caespitum
760 1711 830 1732 usus
852 1703 884 1732 in
899 1703 964 1733 aris
984 1704 1161 1733 extruendis
1183 1704 1256 1735 fuit.

130 1741 166 1774 V.
182 1742 262 1773 Hou⁴
280 1743 428 1780 Lyricor.
445 1743 495 1778 111,
513 1743 544 1779 8,
561 1743 596 1778 2:
621 1742 710 1774 Ovm.
730 1744 832 1773 Trist.
850 1743 887 1779 V,
903 1745 933 1779 5,
951 1745 980 1774 9.
1004 1745 1040 1775 In
1059 1745 1139 1787 Περὶ
1157 1744 1255 1788 Στεφ.

131 1789 243 1828 hymno
264 1789 306 1825 X,
332 1790 403 1826 187,
424 1799 478 1828 pro
494 1799 548 1821 ara
563 1790 631 1826 ipsa
645 1791 748 1820 noster
763 1796 890 1829 usurpat
902 1793 1080 1830 caespitem.
1093 1793 1170 1831 Quid
1183 1793 1256 1829 quid

129 1832 233 1861 autem
254 1831 436 1862 Mazoemvs
447 1831 579 1861 iuniores
594 1834 714 1870 carpat,
731 1832 782 1868 qui
799 1832 876 1862 hanc
889 1842 990 1864 vocem
1005 1843 1073 1863 cum
1087 1835 1256 1872 diphtongo

128 1873 290 1908 scribunt,
313 1881 366 1902 nos
388 1882 456 1903 cum
479 1873 578 1903 Fzsro
610 1881 713 1903 vocem
734 1882 753 1902 a
775 1874 924 1904 caedendo
956 1875 1140 1911 derivamus,
1163 1877 1255 1912 atque

128 1922 198 1945 cum
219 1913 374 1946 Cunaro
395 1923 431 1945 ac
451 1915 585 1949 DAsovio
610 1915 749 1949 facimus,
773 1915 823 1952 qui
845 1916 1047 1954 diphtongum
1068 1918 1214 1948 retinent.

191 1962 236 2001 (2)
259 1961 468 2001 Stridensque
487 1963 632 1999 flammis
654 1962 792 1992 lamina.
816 1963 962 1994 Lamiuae
985 1966 1041 1994 aut
1056 1964 1182 2000 ferreae,
1200 1966 1255 1994 aut

129 2011 237 2035 aereae
256 2003 290 2034 in
312 2004 372 2034 reis
392 2004 568 2034 cruciandis
590 2003 634 2033 vel
657 2005 831 2040 antiquitus
862 2006 980 2042 corpori
1009 2006 1172 2036 candentes
1203 2007 1254 2035 ad-

130 2045 340 2076 movebantur.
363 2045 399 2076 V.
422 2045 538 2076 PLAv‘r.
562 2046 700 2076 Αείηαν.
717 2045 776 2082 ΙΠ,
792 2046 823 2082 2,
847 2047 882 2082 4;
907 2047 1002 2078 Lven.
1017 2047 1065 2077 De
1080 2048 1157 2080 Ber.
1173 2048 1253 2078 Nat.

130 2085 188 2120 ΠΙ.
210 2085 308 2120 1031:
331 2087 423 2118 TVLL.
452 2087 580 2118 Verri'n.
603 2086 671 2119 VII.
695 2087 748 2118 63.
